4367 6084
541 715 614 805 318
713 729 912 782 cccxxxln.
932 745 1053 781 sennan
1066 747 1170 782 nunnus
1183 747 1327 785 nnvnnsvs
1340 704 1515 785 sisennasnns
1528 750 1662 786 nvnnsns.

539 919 577 960 ac
595 903 726 975 primam
750 901 924 961 arbitrabar
950 901 1095 961 bominem
1116 901 1228 973 iocbri,·
1255 921 1327 977 ropo
1346 922 1406 980 qna
1424 907 1555 977 fiducia,
1583 922 1674 979 annm
1694 905 1833 980 pontifex

470 1017 537 1067 son.
549 1011 579 1063 et
594 1020 653 1078 per
673 1019 705 1062 sc
723 1006 942 1077 potentissimas
960 1010 1036 1062 esset
1055 1011 1084 1062 et
1105 1010 1145 1063 tot
1165 1005 1459 1081 babaerpriacipes
1477 1008 1536 1066 sibi
1550 1007 1700 1079 sanemus.
1734 1023 1831 1080 squam

538 1106 582 1164 ad
602 1105 668 1165 laea
689 1106 740 1163 illc
761 1105 902 1176 unledam
924 1106 1137 1180 respondisset,
1158 1107 1270 1166 nebim
1288 1101 1443 1181 nepocimn
1459 1124 1522 1168 esse
1543 1110 1677 1168 calidum
1692 1125 1732 1167 ac
1745 1110 1831 1183 peri-

537 1194 684 1278 culosam,
704 1211 735 1264 ct
754 1208 781 1264 si
798 1208 882 1280 pium
899 1214 987 1278 esset,
1007 1214 1105 1265 tamen
1127 1210 1245 1267 stultam
1267 1226 1330 1268 esse
1345 1217 1460 1268 tentare
1472 1212 1558 1271 cuites
1570 1211 1757 1284 perficiundi
1768 1226 1831 1284 spes

537 1325 596 1368 aon
615 1317 706 1374 esset:
727 1306 892 1381 ‘Utcunque
907 1304 957 1367 est’
979 1309 1101 1380 inquom
1123 1311 1190 1368 ‘aon
1211 1312 1300 1384 rnpio
1320 1311 1358 1368 de
1378 1314 1432 1369 isto
1450 1313 1571 1384 aepoeio
1590 1313 1684 1384 plura
1706 1312 1848 1378 audirem

537 1417 642 1470 ‘meum
662 1417 707 1468 est
721 1411 793 1467 meis
809 1410 917 1481 cipitiis
936 1409 1078 1484 prodesse
1089 1411 1217 1484 publicis
1237 1410 1359 1484 stadiis’,
1380 1418 1410 1470 et
1421 1414 1574 1471 consilinm
1594 1412 1679 1483 dedi,
1701 1418 1735 1471 ut
1746 1415 1830 1486 qnie-

537 1513 611 1587 quid
632 1511 779 1570 auderent
798 1512 866 1581 olii,
887 1512 1007 1585 ipsene
1028 1527 1060 1570 se
1079 1514 1142 1570 tati·
1158 1515 1278 1586 aepocio
1299 1515 1484 1573 admisceret.
1530 1516 1599 1572 tatis
1614 1513 1832 1588 iasa'patorlii

470 1632 537 1682 §.nn
551 1614 690 1673 Hutteao.
735 1611 798 1670 Sed
825 1615 915 1672 multo
938 1620 1008 1670 ante
1035 1628 1125 1686 annm
1153 1615 1203 1690 ille
1229 1617 1372 1674 emitteret
1396 1616 1508 1675 libellos
1535 1616 1691 1674 immodice
1715 1615 1829 1685 liberos,

538 1716 683 1776 admonui
705 1715 788 1772 illum
810 1715 919 1796 literis,
947 1719 1128 1787 temperaret
1147 1718 1259 1774 calami
1277 1717 1455 1788 libertatem,
1483 1722 1517 1775 ut
1533 1718 1685 1792 principis
1708 1719 1758 1775 sui
1775 1716 1829 1788 sa-

538 1834 607 1876 uorc
625 1821 725 1891 posset
746 1817 791 1872 nti
806 1821 962 1889 perpetuo.
1006 1823 1035 1875 et
1062 1818 1113 1875 ille
1129 1834 1190 1891 per
1211 1819 1315 1876 literas
1337 1818 1490 1891 respondit
1510 1834 1542 1876 se
1560 1819 1737 1892 pariturum
1756 1833 1857 1877 con-n

537 1920 603 1978 silio
625 1933 698 1976 mco.
742 1916 824 1988 quod
846 1918 873 1975 si
891 1915 1029 1989 fecisset,
1058 1934 1117 1976 aon
1138 1921 1199 1977 iam
1217 1920 1354 1977 latitaret
1378 1935 1417 1977 ac
1439 1918 1606 1991 sapidam,
1630 1920 1687 1978 sed
1705 1935 1831 1992 maanus

538 2022 616 2079 inter
639 2019 785 2076 maximos
810 2025 981 2077 versarctur
1009 2034 1048 2077 ac
1076 2022 1145 2078 talis
1171 2026 1260 2090 esset,
1287 2026 1321 2078 ut
1342 2023 1420 2078 citra
1446 2021 1588 2079 invidiam
1607 2029 1706 2095 posset
1725 2025 1830 2080 amari.

469 2131 538 2180 sm.
548 2120 625 2193 Quia
646 2128 716 2178 ante
733 2119 789 2198 boc
806 2120 895 2178 etiam
922 2126 1049 2194 tempus,
1071 2137 1161 2193 qaam
1178 2120 1344 2194 Mopnntiec
1360 2124 1459 2195 primo
1478 2124 1619 2196 mdouuio
1641 2140 1756 2183 mecum
1774 2123 1830 2195 sa-

538 2224 708 2292 nutaretur,
730 2221 857 2279 ostendit
875 2220 1037 2280 Reuebliai
1061 2220 1268 2296 Triumphum,
1291 2238 1413 2281 carmen
1433 2239 1506 2282 sane
1525 2225 1656 2297 elepans.
1700 2227 1786 2284 suasi
1802 2233 1832 2283 nt

461 2350 466 2357 ·
531 2330 697 2401 premeret,
725 2323 814 2395 idque
836 2322 954 2382 duabus
979 2323 1017 2381 de
1042 2326 1156 2394 causis,
1186 2326 1312 2398 nequis
1336 2326 1440 2384 merito
1464 2326 1605 2384 coodtari
1622 2331 1736 2400 posset,
1763 2341 1860 2385 eumn

536 2415 623 2485 iusta
653 2425 825 2483 Groecornm
848 2425 1039 2497 prouerbium
1076 2426 1229 2483 victoriam
1256 2424 1411 2484 adornare
1438 2435 1507 2484 ante
1532 2428 1730 2503 trinmpbnm,
1760 2444 1829 2486 nere

538 2529 635 2587 bostes
654 2527 815 2599 Capnionis
833 2526 975 2586 redderet
990 2529 1021 2584 ia
1044 2528 1128 2584 illam
1150 2528 1322 2597 iritatiores,
1343 2542 1431 2598 quum
1447 2542 1541 2585 caino
1555 2527 1656 2586 adbuc
1671 2529 1702 2586 in
1718 2543 1829 2587 summo

539 2629 710 2688 discrimine
732 2633 921 2695 oersoretar,·
942 2627 1070 2700 quodsi
1092 2642 1150 2684 aon
1173 2629 1380 2700 impetrarem,
1402 2643 1497 2687 mcum
1519 2637 1598 2687 certe
1618 2645 1725 2688 nomen
1747 2630 1830 2688 dele-

468 2742 535 2792 ssn.
548 2736 603 2789 ret.
647 2727 718 2787 Post
735 2742 848 2786 mertscs
868 2731 1033 2803 complures
1054 2729 1160 2787 e'teriem
1178 2744 1224 2786 me
1242 2730 1376 2787 convenit
1393 2729 1627 2801 Fraacsordioe,·
1643 2732 1745 2804 primo
1765 2737 1830 2788 sta-

538 2834 588 2890 tim
615 2845 777 2903 coaprcssn
809 2829 967 2902 ropabam,
1000 2829 1110 2902 ecquid
1134 2830 1313 2888 meminisset
1337 2831 1457 2889 consilii
1481 2833 1556 2898 mei,·
1588 2831 1746 2906 respoudit
1770 2848 1861 2891 sesea

533 2934 627 3009 probe
649 2931 828 3001 meminisse,
855 2947 949 3005 aeone
970 2932 1127 3003 quicquam
1146 2932 1204 2989 sibi
1224 2947 1309 3004 (cane
1331 2931 1482 2989 decretum
1502 2948 1565 2990 csse
1585 2949 1624 2992 ac
1644 2948 1708 2992 meo
1729 2936 1831 2991 consi·

467 3037 585 3098 §.asilo
602 3017 717 3109 parere
738 3034 768 3089 ia
790 3032 930 3090 omnibus.
975 3033 1082 3092 deinde
1110 3033 1225 3107 prodiit
1249 3048 1371 3091 carmen
1398 3045 1461 3091 uno
1486 3050 1553 3093 mam
1581 3035 1760 3108 triumphali
1777 3037 1830 3109 pi·

535 3145 622 3197 ctura
643 3152 717 3195 sane
738 3150 826 3208 qaam
847 3137 1022 3208 mapaidca,
1042 3136 1098 3193 sed
1117 3151 1184 3207 pute
1201 3133 1278 3196 nibil
1295 3134 1382 3192 alind
1399 3150 1488 3208 quam
1511 3135 1691 3209 Capnioaem
1711 3152 1830 3209 praua-

535 3248 581 3299 ret
599 3239 726 3309 inoidia,
751 3243 781 3295 et
803 3236 992 3296 adversarias
1009 3241 1189 3310 provocaret
1207 3237 1282 3294 satis
1302 3253 1359 3294 sna
1379 3244 1482 3311 sponte
1504 3237 1661 3310 furentes·
1689 3254 1745 3297 aec
1770 3239 1830 3308 dst-

536 3343 592 3401 bilo
611 3343 682 3414 quia
702 3355 739 3398 ea
761 3355 810 3398 res
829 3338 995 3413 improbata
1013 3341 1051 3397 sit
1069 3340 1129 3413 ipsi
1142 3337 1304 3412 Capnioai:
1325 3353 1384 3396 non
1406 3340 1465 3396 iam
1480 3339 1597 3412 disputo
1618 3340 1693 3412 quid
1707 3339 1862 3413 dipnumn

467 3427 862 3516 §.sio.suerit'adrcrsariis,
892 3441 947 3500 scd
971 3440 1044 3512 qnid
1069 3441 1239 3514 expedierit
1268 3456 1370 3499 causa
1393 3439 1606 3500 Rencltlinicee.
1651 3439 1833 3499 Huiusmodi

532 3550 679 3621 perpetuo
696 3521 787 3614 suere
808 3547 874 3601 mea
892 3543 1030 3612 canitia,
1051 3543 1163 3614 quotics
1183 3557 1232 3599 res
1245 3543 1355 3599 serium
1369 3543 1523 3600 coresilinm
1540 3545 1717 3616 postularet.
1751 3541 1831 3600 Nul-

535 3650 595 3705 lum
613 3660 744 3717 uaqicam
770 3642 874 3714 soedsas
899 3642 973 3701 mibi
994 3641 1058 3714 suit
1081 3658 1149 3701 cnm
1170 3642 1313 3713 llntteao,
1342 3645 1403 3701 nisi
1422 3641 1581 3702 Musarum
1603 3643 1716 3716 lepibus
1741 3646 1830 3702 ictum

466 3749 689 3808 sasnadoersns
716 3745 811 3803 nostes
838 3745 1012 3816 liapuarum
1039 3760 1077 3801 ac
1103 3743 1246 3801 bonarum
1272 3745 1438 3803 literarum.
1482 3744 1670 3803 aduersario
1697 3743 1829 3815 latitem,

536 3851 674 3920 quoniam
696 3845 908 3905 intolerabilem
927 3844 1068 3917 sentinam
1090 3847 1118 3903 si
1138 3846 1252 3904 uicisset
1277 3846 1426 3918 ridebam,
1452 3844 1554 3917 salem
1580 3862 1638 3904 noa
1667 3845 1860 3908 admodumn

533 3949 615 4022 faoi,
637 3965 692 4006 nec
711 3947 812 4005 adbuc
837 3948 936 4005 uellem
956 3962 1048 4020 penes
1065 3948 1133 4006 istos
1154 3954 1242 4005 totam
1260 3963 1323 4006 esse
1341 3949 1503 4007 oicmriam.
1546 3946 1753 4006 Latlteranam
1771 3948 1829 4020 sa-

467 4061 534 4110 san.
547 4051 645 4108 butam
668 4050 751 4108 initio
767 4063 825 4106 aon
846 4063 975 4121 prorsas
998 4048 1214 4121 improbabam,
1242 4035 1386 4109 actionem
1413 4064 1529 4123 semper
1550 4049 1724 4122 improbari.
1770 4048 1831 4117 Sed

533 4154 631 4223 finpat
644 4149 790 4208 Huttenus
811 4148 845 4207 id
863 4149 1018 4222 quodnam
1036 4155 1091 4219 est,
1116 4150 1147 4207 ia
1169 4151 1268 4221 initia,
1289 4167 1356 4209 cum
1376 4151 1456 4209 orbis
1474 4149 1677 4224 applauderet
1689 4149 1828 4222 luthero,

531 4254 700 4328 prasertim
728 4250 841 4310 eruditi
856 4231 1045 4322 vGermanice,
1074 4265 1121 4309 me
1147 4267 1262 4324 quoqne
1287 4251 1402 4323 fauisse
1421 4251 1564 4323 Latbero,
1589 4257 1619 4309 et
1639 4253 1727 4327 apud
1747 4235 1828 4311 nur-

533 4364 632 4415 tenum
653 4356 731 4413 uelut
750 4368 907 4429 syncerum
928 4354 1056 4412 amicum
1076 4352 1208 4425 effutissc
1229 4359 1355 4412 secretos
1375 4336 1519 4426 affeatns',
1545 4353 1619 4426 quid
1638 4360 1716 4413 essct
1735 4354 1858 4414 inan-ss

533 4460 651 4516 manias
669 4471 758 4529 onam
778 4456 863 4513 nulla
886 4455 924 4512 dc
943 4470 1036 4513 eausa
1058 4460 1196 4528 suscepta
1218 4456 1373 4513 inimicitia
1400 4455 1467 4516 lloec
1487 4437 1642 4528 erulparc,
1670 4456 1830 4514 criminari

465 4567 575 4620 §asna
594 4562 708 4618 iactare
732 4556 817 4631 apud
843 4551 964 4615 orbem?
990 4562 1019 4614 et
1043 4557 1071 4614 si
1091 4554 1188 4613 Masis
1213 4558 1328 4630 placet,
1355 4555 1629 4632 Expostulationem
1654 4562 1742 4616 amat
1769 4563 1827 4615 tam

534 4667 738 4677 ..—

600 4708 611 4740 ⁹
624 4709 667 4758 Cf.
682 4723 765 4774 supra
777 4706 814 4756 n⁰.
829 4721 964 4756 cnxxvm.
1019 4704 1040 4737 ¹³
1051 4706 1168 4755 Aestate
1179 4720 1204 4754 a.
1222 4705 1294 4755 1514.
1343 4705 1364 4738 ¹⁸
1377 4706 1503 4756 Graeoum
1516 4706 1549 4757 de
1562 4708 1702 4773 triumpho
1716 4723 1826 4773 prover·

532 4794 607 4843 bium
621 4791 722 4841 nullum
737 4795 787 4852 ost,
802 4791 853 4840 nod¹
863 4791 936 4856 spu-d
948 4789 1184 4855 Plat.Lys.p.205
1196 4792 1213 4839 d
1226 4790 1375 4855 Clesippus
1387 4791 1585 4856 Hippotholem
1598 4793 1643 4842 his
1654 4792 1750 4843 vorbis
1764 4808 1826 4842 exn·

533 4879 618 4942 gnus,
638 4872 707 4938 πρὶν
725 4871 906 4940 νενικηκέναι
919 4876 1012 4932 ποιεῖς
1030 4889 1060 4924 τε
1078 4863 1221 4939 maisilinae
1234 4870 1274 4933 εἰς
1287 4866 1556 4940 σαυτόνέγπιόμιον.
1576 4876 1738 4941 (antequam
1752 4878 1826 4931 rice·

532 4963 583 5021 ris,
609 4960 761 5009 encomium
780 4960 859 5016 into
884 4961 971 5023 ipsum
991 4961 1123 5021 conponis
1142 4961 1316 5023 cannasque.)
1335 4961 1390 5011 Nos
1409 4959 1564 5008 diceremus
1582 4958 1637 5023 6ῐῇ
1651 4961 1739 5029 stigen,
1759 4962 1839 5030 basin,

532 5037 724 5107 ttintnpbisrni.
744 5041 812 5106 (brit
831 5043 878 5094 bai
896 5041 928 5094 (ἓί
947 5042 1025 5110 legen,
1044 5048 1112 5095 oasin
1130 5044 1239 5112 pnlsln.)
1293 5044 1314 5075 ¹⁹
1331 5042 1824 5109 branensis]es.v01.1.p.44.§.38.
