4367 6084
487 714 492 720 ’
525 708 599 778 446
670 722 812 775 CCCXCI.
826 742 981 777 connatam
995 744 1031 777 un
1045 743 1203 780 navarerrrt
1216 745 1368 781 arraserit
1382 746 1423 782 nr.
1438 748 1464 782 n.
1478 742 1513 782 aa.
1526 748 1588 782 aen.
1607 743 1667 784 taen.

543 990 669 1071 [wi
1012 979 1333 1057 COOLXXXXI.
1580 1014 1616 1053 ab.
1631 1021 1723 1054 nvnc.
1740 1016 1798 1054 itu.

1560 1075 1812 1083 e—-—-——

799 1147 991 1230 [toatnttltvs
1013 1155 1221 1212 CnllElldlthS
1243 1154 1544 1235 Pnocneauocnsts]

945 1255 1141 1298 cnaursstno
1169 1258 1397 1300 noonnscnurr

979 1338 1159 1388 Mavntcto
1186 1340 1361 1391 HVTTENO
1478 1400 1481 1407 Ι

733 1426 843 1467 uonna
866 1424 1044 1473 novesrms
1069 1425 1202 1468 onorius
1225 1427 1433 1470 araneorum.
1457 1410 1507 1470 dac.
1531 1429 1557 1471 s.
1574 1432 1605 1471 n.
1825 1448 1835 1485 5

609 1546 673 1600 Cnm
689 1545 842 1601 hisdiebus
858 1544 963 1618 Spiram
978 1540 1124 1607 venissent,
1149 1564 1193 1601 res
1214 1548 1310 1602 accidit
1327 1566 1388 1620 quar
1403 1548 1435 1603 ad
1452 1557 1478 1604 te
1494 1548 1636 1605 scribenda
1651 1567 1813 1623 magnopere

524 1631 678 1686 videbatur:
703 1622 926 1703 itaque'operam
949 1628 1024 1691 dedi,
1040 1638 1083 1684 vut
1106 1647 1155 1703 per
1178 1632 1291 1687 audcmu
1315 1640 1390 1687 tuum
1414 1632 1623 1689 Sekedorlerum
1647 1634 1689 1688 bas
1717 1634 1812 1690 littera·

524 1716 555 1771 ad
581 1724 606 1770 tc
630 1716 812 1770 mitterentur.
858 1714 909 1768 Res
932 1722 1022 1769 autom
1045 1714 1102 1769 lucc
1125 1724 1176 1770 est.
1220 1716 1326 1771 llemini
1352 1724 1377 1771 te
1407 1717 1551 1791 aliquando
1581 1736 1685 1774 mecum
1715 1736 1813 1774 sermo-

524 1817 584 1855 nem
607 1800 706 1854 babere
728 1800 761 1854 de
784 1798 861 1853 libris
883 1798 993 1870 gentilis
1018 1798 1056 1853 tui
1080 1798 1250 1861 lluldoricbi.
1283 1796 1352 1873 (pilos
1376 1801 1488 1857 baberet
1510 1802 1647 1858 redemtos
1670 1821 1701 1859 cx
1725 1804 1809 1876 prada

524 1885 644 1940 medicus
661 1885 799 1949 boccrns,
830 1891 911 1956 teque
940 1883 978 1938 sic
1006 1883 1152 1939 animatum
1176 1902 1249 1946 esse,
1281 1893 1310 1940 ut
1337 1903 1452 1959 repensa
1480 1888 1594 1960 pecnnia
1622 1888 1727 1943 medico
1749 1889 1840 1943 darem

523 1968 605 2024 velles
622 1987 747 2042 operam,
771 1976 800 2024 ut
824 1967 867 2022 illa
893 1966 1056 2022 bibliotheca
1080 1976 1124 2022 tua
1148 1968 1232 2024 lieret.
1270 1969 1298 2024 ln
1322 1988 1376 2042 qrro
1400 1971 1544 2044 proposito
1566 1989 1627 2027 cunr
1651 1981 1727 2027 tunm
1750 1990 1809 2044 erga

522 2053 628 2109 litteras
658 2061 714 2117 tntu
744 2053 926 2127 propinquum
956 2052 1020 2106 mibi
1051 2053 1170 2108 studium
1200 2052 1275 2109 valde
1303 2053 1406 2127 placuit
1433 2063 1461 2110 ct
1488 2054 1623 2112 laudabile
1655 2057 1740 2112 visum
1762 2065 1809 2112 est.

523 2138 574 2193 Sed
597 2139 669 2212 quod
693 2156 706 2192 a
731 2146 758 2191 tc
780 2144 875 2210 postea
899 2155 929 2191 ea
953 2137 979 2190 in
1002 2154 1032 2192 re
1055 2139 1155 2192 lactum
1179 2137 1229 2199 sit,
1253 2138 1383 2194 hactenus
1400 2140 1522 2211 ignotum
1540 2140 1599 2195 luit.
1634 2141 1809 2202 Carrinatem,

522 2230 552 2277 ut
575 2223 642 2283 dixi,
670 2221 775 2294 Splrmu
799 2222 946 2281 venissem,
976 2221 1099 2277 lecerunt
1128 2240 1170 2277 me
1200 2222 1357 2295 bibliopolae
1386 2223 1491 2296 aliquot
1519 2225 1644 2279 homines
1668 2225 1733 2280 mibi
1757 2226 1808 2281 uoti

521 2307 679 2368 certiorem,
710 2306 873 2361 Frobeniuur
901 2322 961 2361 cum
988 2306 1091 2362 bocero
1118 2307 1151 2362 de
1179 2315 1317 2362 certorum
1347 2307 1478 2364 librorum
1503 2309 1704 2382 caernplaribus
1727 2319 1837 2365 trans-u

521 2393 626 2464 egisse,
650 2408 719 2464 quos
743 2390 815 2465 typis
838 2390 894 2445 suis
916 2390 1068 2446 excuderet.
1114 2391 1185 2447 lnter
1207 2409 1255 2447 eos
1278 2392 1468 2448 nominabatur
1489 2393 1687 2460 Quintilianus,
1711 2393 1808 2450 l‘linins

520 2485 548 2531 ct
570 2475 710 2532 blarcellus
739 2475 785 2549 qui
814 2494 857 2530 res
888 2475 1003 2530 medicos
1031 2475 1149 2549 scripsit.
1195 2475 1251 2549 ligo
1281 2484 1370 2532 autem
1399 2477 1489 2532 statim
1520 2477 1575 2533 illis
1604 2479 1650 2550 qui
1674 2479 1740 2534 mibi
1762 2480 1808 2533 boc

520 2561 656 2619 dixerant.
681 2569 753 2616 tuam
778 2562 941 2614 sententiam
964 2559 1078 2632 etquid
1103 2559 1223 2637 lactarus
1247 2561 1376 2615 ridereris
1400 2562 1519 2624 ostendi,
1551 2563 1611 2617 ideo
1642 2572 1672 2618 ut
1695 2564 1747 2619 boc
1768 2581 1808 2618 rn-

522 2662 597 2699 more
619 2643 758 2716 ‹livulgato
782 2644 899 2699 bocerus
922 2643 1007 2699 libros
1029 2645 1162 2718 dissipare
1185 2654 1373 2707 cunctaretur,
1407 2664 1494 2719 ucquo
1523 2647 1649 2702 existimo
1674 2648 1723 2703 tibi
1746 2648 1807 2703 banc

521 2747 606 2783 meam
634 2729 765 2784 rationem
794 2729 957 2784 contrariam
986 2746 1054 2784 esse.
1107 2729 1186 2784 Venit
1216 2740 1311 2803 postea
1339 2730 1370 2785 ad
1402 2748 1443 2785 me
1473 2731 1597 2787 Socerins
1626 2731 1836 2807 llagonocnsisro

521 2813 660 2869 librarius:
684 2822 712 2868 ct
735 2812 840 2879 ‘Quaeso
865 2813 898 2867 tc'
922 2812 1009 2886 inquit
1033 2813 1197 2870 ‘llauriciurn
1214 2814 1361 2869 llutteuum
1384 2816 1507 2870 nostin?’
1531 2817 1669 2890 Tanquam
1693 2834 1748 2877 me.
1771 2817 1807 2871 in-

520 2915 609 2971 quam.
655 2898 721 2952 'lum
745 2896 790 2952 ille
813 2897 877 2951 milri
902 2914 1012 2952 narrare
1035 2899 1104 2954 banc
1126 2899 1159 2954 de
1182 2898 1258 2953 libris
1282 2898 1398 2954 salsulam
1422 2908 1449 2955 et
1472 2918 1514 2955 me
1537 2918 1631 2962 orare,
1655 2909 1685 2956 ut
1709 2909 1734 2956 te
1749 2901 1806 2957 bor·

521 2989 594 3038 tarer
617 2999 650 3037 ne
673 2982 806 3055 patereris
829 2981 914 3036 libros
937 2982 985 3036 abs
1008 2991 1096 3037 rostra
1120 2991 1200 3055 geute
1223 2982 1344 3038 alienari.
1389 2983 1520 3058 Sperabat
1547 2986 1617 3040 euim
1648 2986 1670 3040 si
1696 2985 1805 3041 tn.illos

519 3075 614 3123 nactus
637 3068 751 3129 luisses,
785 3085 845 3123 cunr
868 3067 975 3121 neurinc
998 3066 1127 3123 libentius
1151 3086 1230 3141 quum
1254 3086 1374 3129 incentu,
1406 3068 1427 3123 si
1460 3069 1524 3142 qnid
1551 3070 1664 3142 dignum
1693 3070 1806 3126 editione

519 3152 677 3214 interesset,
700 3152 975 3213 communicaturum,
1000 3160 1177 3224 posteaquam
1200 3148 1241 3208 cx'
1255 3170 1297 3208 mc
1319 3153 1352 3208 de
1374 3153 1471 3207 notitia
1494 3162 1588 3209 nostra
1616 3162 1645 3209 et
1673 3155 1833 3211 volumaten

518 3255 582 3309 erga
605 3255 648 3293 mc
663 3246 709 3292 tua
731 3245 911 3309 cognoverat,
935 3246 962 3290 ot
984 3235 1101 3309 aluptam
1125 3254 1210 3292 lucam
1227 3239 1253 3294 in
1269 3237 1369 3291 litteris
1386 3238 1482 3293 laruam
1499 3256 1559 3294 esse
1575 3238 1696 3312 putabat.
1735 3239 1804 3305 Quod

519 3323 540 3376 si
564 3322 655 3383 ficret,
679 3321 734 3376 sibi
754 3320 934 3395 pollicebatur
956 3321 1109 3376 excusiouis
1133 3340 1238 3395 turonas.
1284 3321 1340 3394 Ego
1364 3340 1440 3383 roro.
1471 3323 1594 3396 inquam,
1625 3323 1689 3395 qnid
1714 3324 1736 3378 si
1760 3324 1806 3379 bo·

517 3424 597 3462 cerus
627 3407 739 3462 nimium
773 3414 903 3478 quauttun
931 3404 1012 3460 libeat
1042 3405 1181 3479 postulet?
1215 3407 1281 3462 Turn
1305 3405 1350 3461 ille
1374 3406 1425 3460 ‘si'
1448 3407 1536 3481 iuquit
1567 3408 1646 3464 ‘mibi
1669 3407 1806 3464 Marcellus

518 3491 599 3546 detur
621 3491 807 3551 excudendus,
830 3490 961 3546 conlidmn
985 3490 1098 3561 triginta
1122 3509 1219 3546 aureos
1242 3499 1289 3546 arnt
1311 3509 1375 3545 saue
1398 3509 1452 3546 non
1476 3491 1562 3547 tuulto
1578 3492 1668 3548 minus
1684 3511 1727 3548 me
1744 3492 1805 3548 lucri

518 3575 665 3638 laetorum,
699 3594 747 3631 cos
777 3575 894 3630 libenter
916 3574 1035 3629 llutteno
1066 3575 1229 3648 impendam,
1264 3584 1292 3630 et
1321 3575 1386 3630 satis
1416 3576 1520 3632 lmbebo
1549 3576 1582 3631 de
1609 3576 1659 3632 bae
1691 3579 1834 3633 editionem

518 3661 651 3717 olbciuam
675 3678 760 3715 ciream
783 3658 916 3715 celebrem
940 3659 1092 3721 redditam.
1127 3660 1215 3732 deque
1245 3660 1305 3714 aliis
1334 3660 1360 3714 iu
1390 3659 1472 3717 robus
1500 3660 1610 3717 lluttcni
1641 3660 1804 3734 benignitate

517 3763 593 3817 spem
616 3754 716 3801 certam
740 3743 906 3817 concipiam’.
953 3743 1080 3816 liquidem
1105 3762 1159 3799 non
1183 3745 1331 3818 gratabor,
1356 3745 1479 3818 inquam,
1503 3745 1559 3801 lucc
1582 3745 1703 3801 llnttcno
1727 3746 1805 3820 sigui-

517 3828 604 3884 llcaro.
650 3829 695 3883 ille
718 3845 781 3883 vero
805 3830 902 3883 mirum
926 3828 951 3882 iu
976 3829 1083 3884 modum
1107 3829 1266 3885 obsecrabat
1289 3847 1330 3884 mc
1353 3837 1383 3889 ut
1406 3831 1530 3885 lacerem.
1574 3830 1650 3891 Feci,
1673 3831 1705 3885 nt
1728 3832 1803 3886 vides.

517 3914 556 3985 'lu
579 3931 642 3969 rero
664 3931 715 3986 pro
738 3930 770 3966 eo
793 3921 874 3985 atque
899 3912 948 3967 tilii
969 3914 1140 3969 commodum
1164 3915 1260 3976 luerit,
1292 3914 1318 3968 in
1348 3913 1396 3969 bac
1425 3932 1454 3969 rc
1485 3923 1509 3970 tc
1538 3932 1626 3987 geres.
1672 3915 1803 3971 llanielum

516 3996 595 4052 audio
626 3998 651 4051 iu
681 3998 795 4070 patriam
823 3997 945 4052 rediisse.
991 3997 1154 4055 Carloricius
1183 4017 1214 4053 ex
1236 3998 1474 4071 Burgundionibus
1502 4017 1626 4055 reversus
1657 4018 1699 4055 me
1723 4001 1834 4074 Spiraru

515 4083 649 4136 convenit.
694 4080 751 4153 Ego
775 4080 822 4134 tibi
847 4099 1007 4156 quacunque
1030 4083 1056 4138 in
1081 4101 1110 4139 re
1134 4091 1244 4158 potero,
1275 4083 1346 4139 omni
1376 4100 1457 4157 opera
1486 4090 1514 4139 et
1541 4083 1683 4157 diligentia
1707 4092 1803 4159 praesto

516 4165 624 4220 sciturus
647 4165 706 4221 sim.
730 4164 801 4220 Vale.
825 4173 849 4225 3.
865 4165 918 4220 Cal.
935 4167 1003 4222 llaii.
1020 4175 1060 4228 29.

515 4347 738 4399 ccccxxxxt.
771 4347 933 4412 renerum!
958 4365 1112 4399 currentum
1149 4346 1438 4416 ordinariorum-{sta
1464 4347 1467 4411 Ι
1492 4364 1688 4401 arrsronanvn
1718 4347 1801 4413 rarii-l

515 4449 633 4483 tinnivit
651 4449 730 4483 arnna
750 4450 788 4485 vr.
814 4429 819 4501 Ι
844 4435 916 4483 Nunc
930 4438 1037 4499 pru'un'rm
1053 4434 1113 4498 pust
1132 4434 1211 4498 t'plins
1229 4434 1319 4483 obitam
1335 4431 1482 4499 [inpar-llum
1502 4436 1587 4497 fludio
1606 4451 1622 4482 α
1632 4437 1699 4496 fillis
1722 4429 1801 4494 editt!

556 4535 751 4569 rnrucorvnm
768 4517 772 4583 l
787 4520 866 4584 Apud
884 4519 1009 4569 haeredes
1027 4519 1110 4568 Andr.
1129 4519 1271 4578 wecheli,
1289 4517 1293 4580 Ι
1309 4534 1488 4567 ronanam.
1506 4517 1562 4575 18¹¹.
1581 4534 1607 4582 p.
1625 4517 1763 4570 108...tto.

580 4656 591 4686 ¹³
609 4653 713 4721 praeda]
733 4656 913 4721 siclingana.
966 4653 988 4686 ²⁷
1005 4655 1182 4720 policebetur
1200 4658 1224 4704 1.
