4367 6084
533 747 536 756 ·
562 703 631 773 17⁴1
720 718 852 768 cccvtt.
866 734 969 767 nuasnr
984 735 1043 769 nair.
1058 735 1095 769 ao
1108 735 1223 769 uaecvu
1237 737 1382 772 inauravit
1396 738 1438 771 ur.
1451 739 1477 772 o.
1493 732 1511 771 1.
1526 738 1607 774 ruse.
1622 730 1683 772 ¹528.

487 893 655 947 §.ismenus
677 900 851 964 coarguatur.
897 893 1012 947 Proinde
1035 910 1089 948 noo
1112 903 1170 950 erat
1193 912 1299 967 aeqirnm
1322 896 1440 951 minitari
1464 896 1539 968 prins
1555 914 1635 967 qnam
1651 895 1783 951 vidissent
1799 911 1848 966 qua

554 978 660 1032 ratione
684 994 790 1050 quaque
814 978 1000 1032 moderatione
1018 979 1202 1050 scripsissem:
1226 979 1349 1034 irritabat
1365 990 1454 1035 atatem
1470 980 1571 1035 multos
1595 979 1706 1035 ridicula
1730 979 1849 1051 suspicio

554 1079 614 1134 qnae
637 1069 809 1133 persuaserat
833 1061 952 1116 libellum
969 1079 1048 1134 (prtem
1066 1080 1111 1117 rex
1128 1063 1276 1134 anglorum
1293 1064 1438 1138 scripserat
1460 1065 1588 1119 adversus
1602 1065 1767 1123 Lntlrernm.
1791 1080 1849 1118 meo

554 1146 638 1199 blacta
659 1147 839 1218 compositum
862 1164 936 1204 csse.
964 1156 1091 1201 cancrum
1122 1147 1230 1202 titnlmn
1261 1150 1334 1220 regis
1356 1150 1475 1204 additum
1500 1167 1554 1221 qno
1578 1151 1663 1222 magis
1686 1157 1848 1221 gravaretur

553 1230 705 1284 Lutherns:
735 1239 762 1284 et
790 1231 839 1285 bae
861 1232 894 1286 de
918 1248 947 1285 re
971 1239 1024 1285 tam
1047 1231 1131 1285 stulta
1154 1232 1308 1288 scribebant
1331 1234 1362 1288 ad
1386 1247 1428 1288 ine
1451 1234 1523 1288 serio
1546 1236 1635 1306 magni
1657 1234 1800 1306 principes
1823 1240 1870 1285 eta

554 1315 631 1382 aurici
659 1315 747 1374 docti.
775 1324 906 1370 conantes
935 1316 1067 1388 expiscari
1097 1317 1151 1371 reri
1181 1318 1389 1390 professionem.
1436 1319 1533 1390 quodsi
1557 1319 1664 1373 vicisset
1687 1316 1849 1372 stultissima

555 1400 689 1472 suspicio,
718 1399 841 1454 videlicet
871 1401 897 1454 in
926 1416 1013 1454 uicum
1040 1410 1121 1473 capnt
1151 1402 1243 1456 iisdem
1274 1402 1413 1475 leporibus
1436 1403 1551 1458 lusisset
1570 1403 1719 1461 botherus,
1750 1401 1849 1474 quibus

485 1500 626 1549 §.tantine
649 1483 717 1538 ludit
739 1484 765 1538 in
788 1502 889 1556 regern.
935 1486 967 1538 m
997 1502 1049 1556 ego
1078 1485 1187 1540 iuterim
1215 1487 1292 1541 armis
1320 1487 1424 1559 aliquot
1454 1503 1507 1541 non
1536 1488 1652 1542 videram
1675 1486 1850 1545 Britanniam.

553 1578 580 1623 et
603 1586 685 1641 «pirum
707 1568 801 1623 Caletii
824 1570 969 1623 salutarem
992 1587 1084 1639 regem
1109 1570 1257 1625 inomncris
1279 1570 1373 1625 aulicis
1395 1571 1590 1645 piraesentibns,
1620 1589 1653 1625 ne
1675 1570 1851 1642 cogitabatur

554 1653 662 1726 quidem
684 1653 717 1707 de
739 1654 881 1709 scribendo
904 1653 1032 1708 adversus
1054 1655 1216 1714 Lnthermu.
1247 1656 1294 1710 sed
1326 1657 1417 1728 potins
1445 1656 1478 1709 de
1507 1657 1696 1729 componendo
1718 1654 1882 1709 dissidiotn

554 1737 673 1793 nondum
702 1739 773 1792 enim
802 1739 904 1793 exierat
933 1737 1079 1811 Captivitas
1103 1739 1280 1812 babylonica:
1312 1756 1395 1813 porro
1424 1739 1544 1794 libellum
1574 1757 1628 1794 nort
1652 1740 1729 1812 prius
1753 1739 1850 1793 rescivi

553 1823 684 1896 scriptum
707 1839 780 1881 esse,
811 1840 890 1895 ‹puam
913 1822 965 1876 vidi
989 1840 1129 1883 excursum.
1154 1824 1235 1895 nique
1257 1825 1370 1896 llrngis,
1401 1841 1482 1897 quum
1507 1822 1561 1879 illic
1582 1822 1726 1880 cardinalis
1749 1823 1851 1877 Ebora·

552 1907 642 1961 censis
664 1915 756 1984 ageret
779 1908 811 1962 de
834 1907 916 1962 relms
937 1908 1133 1980 reitinpouendis
1157 1908 1228 1962 inter
1249 1910 1381 1964 Caesarem
1397 1918 1424 1962 et
1440 1909 1552 1963 Gallum
1576 1908 1733 1964 obsidebant
1749 1908 1851 1961 ostium

554 1992 583 2046 ll.
606 1991 750 2046 cardinalis
774 1991 896 2046 labulans
920 1991 991 2045 intcr
1006 1991 1087 2058 illius
1111 2010 1238 2065 proceres
1262 2002 1289 2047 et
1312 2001 1456 2066 expectans
1479 2003 1509 2048 nt
1531 1994 1563 2048 ad
1587 1994 1699 2066 primam
1729 1993 1851 2047 occasio·

552 2092 613 2130 nem
637 2075 712 2146 illum
735 2076 889 2131 salutarem.
935 2076 1041 2130 tandem
1069 2077 1161 2149 prodit
1184 2077 1301 2132 llarinus
1330 2077 1494 2139 Caracciela,
1524 2079 1638 2132 iirrncins
1666 2076 1882 2150 apostolicusu

552 2159 673 2215 libellum
697 2178 776 2215 mann
798 2169 917 2233 gestans.
963 2178 1031 2231 rogo
1055 2178 1118 2215 iriam
1142 2160 1220 2216 liceat
1242 2163 1363 2234 aperire;
1386 2163 1494 2223 auunit;
1525 2161 1586 2234 lego
1610 2161 1720 2216 titulum
1744 2161 1851 2216 durma-

553 2253 597 2300 xat
620 2254 647 2300 ct
671 2247 743 2317 iprtod
767 2238 861 2300 resin
887 2245 937 2299 ima
961 2245 1082 2316 margine
1105 2246 1198 2318 primm.
1221 2247 1327 2320 pagium
1350 2255 1446 2320 suapte
1469 2247 1790 2319 mauu‘snbscripserat,
1820 2263 1850 2299 ac

552 2330 679 2402 qnoniam
703 2340 759 2385 tum
783 2346 836 2385 uon
860 2329 957 2385 licebat
980 2328 1118 2402 pluribus.
1142 2331 1264 2385 arridens
1288 2332 1371 2386 reddo
1387 2331 1498 2393 librum;
1522 2331 1646 2385 ‘Invideo'
1662 2331 1772 2402 inquam
1790 2330 1850 2384 ‘Ln-

554 2415 632 2469 tbero
656 2415 736 2470 talem
759 2415 963 2476 adversarium';
988 2413 1032 2467 illc
1055 2415 1171 2487 priumm
1195 2415 1354 2487 ringebatur
1375 2417 1462 2487 magis
1485 2433 1565 2488 quam
1581 2415 1699 2476 ridebam
1724 2414 1769 2469 ubi
1787 2432 1848 2469 sen·

555 2500 664 2554 tentiam
688 2500 798 2554 eandem
822 2499 965 2553 dilucidius
981 2500 1190 2570 expressisscm,
1214 2501 1355 2573 respondit
1378 2500 1418 2554 ‘Et
1434 2518 1486 2570 ego
1502 2499 1626 2571 gratulor
1641 2500 1763 2554 Romane
1779 2511 1881 2572 pou-ao

484 2589 541 2638 §.su
554 2583 617 2639 tibei
641 2583 721 2639 talem
743 2584 930 2638 ‹lelcnsorem'.
976 2582 1080 2637 lnterea
1104 2600 1187 2655 qrrnm
1208 2584 1272 2638 mibi
1289 2602 1398 2657 qnoque
1414 2584 1522 2639 libellus
1537 2592 1608 2639 esset
1624 2591 1701 2639 certo
1717 2601 1748 2638 ac
1764 2602 1848 2656 saepe·

546 2686 666 2723 unmero
689 2669 853 2741 promissus,
877 2668 969 2723 nascio
993 2684 1047 2740 qno
1070 2671 1134 2723 ca'sn
1157 2685 1211 2723 non
1235 2669 1356 2724 redditus
1380 2676 1435 2723 est:
1459 2670 1584 2743 suspicor
1606 2667 1641 2723 ob
1664 2667 1767 2722 abitum
1790 2685 1848 2721 car·

550 2752 647 2807 diualis
670 2752 798 2826 opinione
820 2752 993 2807 celeriorem:
1018 2760 1059 2806 est
1082 2753 1203 2807 enimet
1226 2754 1276 2808 boc
1300 2754 1419 2825 regium:
1449 2762 1506 2808 erat
1530 2761 1618 2809 tamen
1639 2753 1794 2807 ‹testinatns
1817 2751 1848 2805 li·

552 2836 639 2891 bellns
663 2854 742 2909 qrrem
765 2841 812 2891 r‘ex
835 2846 929 2909 suapte
953 2854 1032 2891 marm
1056 2844 1197 2892 nutaverat
1220 2847 1279 2910 ‘pro
1301 2839 1328 2892 ll.
1346 2838 1472 2893 Erasmo'.
1518 2839 1540 2892 is
1564 2839 1663 2893 missus
1684 2854 1779 2892 meuse
1795 2840 1847 2891 dtr·

552 2932 634 2993 gnsto
668 2938 739 2977 aurio
769 2922 839 2976 insta
868 2922 1013 2976 Rornanam
1042 2922 1263 2994 supputationem
1293 2922 1436 2978 millesimo
1466 2922 1685 2995 quingentesimo
1716 2922 1876 2976 vicesimum

552 3007 654 3079 primo:
684 3007 805 3061 redditus
833 3015 876 3061 ost
898 3005 1023 3066 basileae,
1052 3023 1144 3061 mense
1167 3006 1327 3068 Februario,
1355 3025 1426 3062 araim
1454 3006 1597 3061 millesimo
1621 3005 1842 3078 quingentesimo

552 3092 677 3146 vicesimo
700 3092 832 3155 secundm
857 3107 1044 3162 necunquam
1068 3090 1133 3144 mibi
1157 3091 1232 3145 licuit
1255 3090 1346 3163 legere
1369 3090 1490 3147 libellum
1514 3092 1634 3164 regium,
1657 3090 1711 3144 nisi
1734 3108 1767 3145 ex
1783 3090 1846 3145 auli·

553 3176 627 3232 tione
656 3176 802 3232 miserabili
833 3175 1040 3247 argentinensi,
1070 3192 1158 3246 eoque
1187 3174 1307 3248 perlecto
1335 3186 1396 3230 mor
1420 3175 1522 3249 perlegi
1547 3184 1574 3230 et
1596 3175 1707 3229 Lutberi
1732 3191 1845 3248 respon·

484 3262 664 3317 §.sostenen
709 3263 823 3317 lantiam
847 3259 910 3315 milri
933 3267 1040 3314 coastat
1063 3260 1096 3314 dc.
1119 3258 1225 3322 libello,
1250 3278 1298 3315 nec
1314 3269 1445 3332 praterea
1462 3261 1533 3333 pilus
1549 3260 1637 3320 ullns;
1660 3277 1710 3314 nec
1725 3276 1844 3331 nuquam

551 3345 669 3402 olfacere
692 3347 769 3420 potui
793 3345 815 3401 si
838 3345 914 3400 cuius
938 3362 1020 3416 opera
1044 3361 1090 3399 rex
1115 3343 1169 3399 illic
1191 3345 1298 3409 adiutus
1321 3354 1407 3399 esset:
1439 3345 1520 3417 plano
1546 3345 1652 3416 pbrasis
1682 3345 1768 3416 ipsius
1792 3352 1876 3401 cstaa

551 3439 578 3484 et
602 3432 739 3503 ingenium
763 3430 844 3485 babet
866 3429 1008 3485 ailomnia
1032 3428 1096 3484 felix
1118 3437 1146 3483 et
1168 3429 1338 3502 expanditnm,
1367 3437 1395 3483 et
1423 3438 1509 3484 tarrrien
1539 3428 1627 3501 siquid
1650 3427 1783 3483 voluisset
1805 3428 1844 3482 uti

549 3517 692 3571 doctorum
715 3514 834 3574 auxiliis.
858 3514 938 3568 babet
961 3513 1048 3568 aulam
1070 3513 1202 3568 dillertam
1226 3514 1290 3568 viris
1312 3514 1422 3568 disertis
1444 3522 1471 3568 et
1493 3513 1614 3567 eriiditis.
1659 3513 1795 3567 careium
1818 3513 1843 3565 in

550 3601 665 3673 epistola
689 3601 752 3672 qnid
776 3599 846 3654 alind
869 3598 973 3653 landari
996 3615 1075 3672 qnam
1099 3599 1216 3653 animum
1240 3599 1327 3669 regis,
1351 3607 1397 3652 ant
1420 3598 1483 3670 qnid
1507 3597 1579 3652 aliml
1594 3597 1703 3652 landare
1719 3604 1842 3669 potmam

552 3701 606 3738 uon
629 3685 701 3739 lecto
725 3683 813 3738 libro?
845 3681 899 3737 llic
919 3689 1032 3755 expecto
1062 3683 1224 3737 senteutiam
1255 3684 1306 3738 mci
1328 3683 1489 3742 Lntberani,
1518 3699 1551 3736 an
1574 3699 1680 3754 acquum
1705 3682 1740 3735 sit
1764 3682 1843 3735 tinius

483 3779 542 3828 §.sa
553 3770 713 3841 suspitionis
737 3777 790 3823 tam
813 3768 891 3822 inane
914 3766 1047 3820 sonmium
1070 3766 1134 3820 mibi
1158 3767 1254 3822 obesse
1277 3769 1345 3840 apml
1370 3768 1442 3821 siros
1463 3766 1640 3838 evangelicos.
1686 3765 1754 3820 Aridi
1771 3777 1873 3819 nuncaa

550 3851 621 3906 ailind
644 3854 759 3907 erisnen:
784 3851 944 3923 impingitur
967 3849 1030 3904 milri
1055 3851 1127 3923 qnod
1150 3858 1213 3906 ante
1236 3861 1354 3925 quatuor
1376 3868 1461 3906 annos
1484 3868 1538 3906 non
1560 3850 1732 3907 discesserim
1748 3868 1763 3905 e
1780 3868 1842 3923 pro·

550 3936 642 3991 sceriio
664 3937 756 3991 (licens
780 3935 881 3989 ‘Valete
903 3944 930 3988 et
953 3933 1088 4006 plaudite,
1114 3936 1240 3991 nimirum
1263 3954 1319 3991 nica
1343 3935 1431 4008 gloria
1454 3952 1570 4008 meoque
1592 3934 1705 4008 praemio
1729 3943 1841 3989 conten·

551 4028 608 4078 tns,
632 4021 704 4092 qnod
727 4020 835 4090 linguas
857 4019 1038 4073 consecrarim
1062 4019 1222 4092 tbeolo'gim,
1248 4022 1321 4093 qrrod
1344 4021 1506 4093 sophisticas
1529 4038 1607 4075 carias
1630 4019 1763 4074 escbolis
1780 4036 1842 4092 pro·
1865 4043 1868 4046 ⁴

551 4104 679 4175 lligarim,
704 4105 776 4177 qnod
798 4104 962 4176 contemptis
985 4105 1146 4159 cerernouiis
1169 4106 1199 4159 ad
1224 4106 1314 4160 loutcs
1337 4124 1420 4160 sacrae
1436 4106 1579 4178 scripturae
1596 4105 1646 4158 sim
1662 4105 1840 4158 adhortatus:

550 4188 593 4242 bic
620 4199 693 4244 certe
724 4188 785 4262 plns
814 4187 900 4243 landis
922 4189 988 4243 mibi
1011 4189 1133 4244 tribuunt
1157 4207 1236 4263 qoam
1259 4208 1312 4262 ego
1334 4194 1468 4261 agnosco:
1497 4190 1543 4243 sed
1567 4207 1603 4243 ex·
1622 4189 1673 4243 boe
1695 4189 1872 4261 prosceniott

549 4273 687 4329 discedere
716 4291 769 4329 non
800 4274 863 4329 licet
892 4273 942 4328 nisi
971 4275 1107 4346 climagus
1134 4273 1180 4328 illc
1204 4284 1297 4330 riostcr
1321 4275 1440 4329 iusserit.
1484 4273 1515 4329 m
1539 4281 1626 4328 tamen
1650 4273 1689 4328 sic
1711 4274 1841 4329 hactenns

549 4376 601 4430 ago
625 4359 754 4421 tabulam,
778 4367 808 4414 nt
831 4358 876 4413 illa
899 4357 1022 4414 sublimia
1046 4359 1149 4414 Rosciis
1172 4360 1334 4432 et‚1lesopis
1356 4359 1522 4431 relinquam:
1551 4358 1668 4430 deniqne
1691 4358 1840 4412 comiodum

550 4462 610 4499 esse
632 4445 697 4500 mibi
721 4445 806 4516 niagis
828 4443 895 4499 libet
917 4462 996 4515 qnam
1020 4445 1185 4516 tragoedum:
1208 4461 1241 4497 ea
1263 4461 1341 4504 voce,
1365 4442 1510 4502 lateribus,
1534 4452 1592 4497 arte
1616 4459 1657 4497 mc
1682 4442 1771 4514 ipsum
1787 4459 1840 4496 nie·

482 4538 540 4588 §.aa
551 4529 612 4584 tior.
658 4531 709 4584 Sed
737 4529 843 4589 obstas.
874 4530 1013 4601 imprimit,
1042 4528 1178 4600 reliquum
1209 4527 1306 4583 fabulae
1333 4528 1492 4600 peractoris.
1537 4526 1682 4581 Audiamus
1706 4527 1791 4597 igitur
1815 4532 1841 4579 et

550 4614 606 4669 lime
628 4614 753 4670 crimina:
782 4614 941 4672 llonmnam,
971 4613 1109 4686 inquiunt,
1134 4611 1272 4666 ecclesiam
1295 4612 1381 4666 aeliane
1404 4612 1559 4683 irragnilaeit
1582 4620 1610 4666 et
1632 4611 1765 4681 agnoscit,
1789 4611 1872 4664 tto-u

549 4715 657 4753 manum
680 4699 835 4771 pontilicem
857 4697 944 4754 adbuc
965 4697 1018 4752 coli
1042 4696 1130 4758 iubet,
1154 4696 1249 4751 scribit
1272 4696 1405 4751 rreriiiuem
1422 4696 1522 4751 bomon
1539 4713 1658 4767 tanquam
1674 4695 1841 4750 subtraxisse

614 4878 764 4929 ¹Iritnbat
783 4883 808 4928 1.
865 4877 1002 4928 ³Prodiit
1019 4879 1134 4942 primum
1153 4878 1239 4927 Lond.
1261 4879 1288 4926 in
1307 4878 1413 4928 aedibus
1431 4878 1616 4941 Pynsoniuuis
1635 4893 1661 4925 u.
1679 4876 1765 4937 1531„
1786 4882 1841 4925 tum

548 4964 629 5013 Anlv.
646 4963 718 5011 1522.
756 4964 911 5012 Cf.Iloscoe
930 4963 975 5024 lise
992 4963 1025 5024 of
1041 4963 1093 5011 Leo
1114 4956 1147 5010 Χ.
1166 4964 1204 5011 cli.
1220 4961 1258 5010 19.
1313 4958 1561 5023 ¹³Mar.Cnrncc.]
1583 4950 1683 5008 attede
1702 4961 1841 5025 quosutis

548 5062 639 5111 supra.
710 5044 732 5077 ⁴²
751 5048 831 5095 Rosc.
847 5050 874 5094 et
887 5043 961 5109 Aes]
981 5046 1111 5093 eomoedis
1130 5050 1159 5094 et
1183 5046 1339 5095 fabularum
1360 5045 1556 5095 inventoribus.
