4367 6084
532 707 605 778 320
705 724 904 774 cccxxxm.
925 741 1046 776 suonam
1058 742 1163 777 nassau
1178 743 1321 779 unvnnsvs
1334 696 1507 779 ismarum
1521 744 1655 781 nuaram.

530 894 843 954 obiecerintmonaebi
863 912 901 954 ac
920 896 1059 970 lbeotooi,
1082 908 1114 957 ut
1135 901 1165 957 ia
1188 916 1235 960 me
1254 902 1395 974 latraret,
1416 909 1445 959 et
1463 918 1517 975 coo
1532 901 1656 974 fatebor
1678 903 1753 975 quid
1773 919 1828 962 ac-

460 998 669 1070 §.³⁹¹.ceperim
691 1013 711 1055 a
732 995 853 1055 Caesare
875 1014 913 1056 ac
927 1001 1080 1073 pontifice,
1107 1008 1140 1059 ut
1159 997 1318 1060 scriber'em
1337 1003 1369 1059 in
1391 1000 1561 1060 Lutbcrum.
1606 1002 1761 1061 Fortassis
1778 1004 1827 1061 in-

525 1098 677 1169 ficiabitur
698 1114 760 1156 esse
782 1115 882 1156 oerum
903 1102 984 1173 quod
1002 1109 1046 1159 est
1066 1105 1130 1160 reri
1146 1104 1344 1171 simillimum·
1371 1110 1469 1160 tamen
1492 1104 1570 1161 illud
1589 1109 1708 1162 constat
1729 1106 1826 1162 aemi-

527 1215 593 1257 nem
618 1215 749 1274 anquam
768 1198 878 1270 fecisse
896 1203 1017 1273 oratius
1038 1189 1167 1262 hostibus
1187 1202 1313 1262 Lullteri
1332 1219 1369 1261 ac
1388 1203 1531 1261 bonarum
1557 1205 1716 1263 literarum
1737 1221 1825 1278 quam

527 1300 577 1359 bic
589 1299 665 1371 fecit
680 1299 835 1359 Huttenus.
880 1301 944 1374 Epo
958 1287 1121 1363 Lutbcrum
1141 1304 1273 1376 dearum
1294 1305 1408 1364 insidia
1429 1306 1482 1378 qui
1493 1305 1693 1365 novarienses
1715 1310 1843 1381 appel-³

527 1404 584 1461 lem
606 1401 797 1462 Reverendos
814 1410 936 1478 patrea·
964 1405 1027 1477 ipse
1044 1412 1195 1478 protector
1214 1413 1258 1463 est
1275 1405 1400 1471 Lutberi
1417 1407 1471 1479 oui
1490 1406 1622 1465 hostibus
1643 1410 1726 1467 illius
1746 1409 1824 1466 banc

527 1506 592 1576 opit
606 1503 746 1576 fabulam
768 1506 854 1576 torrae
871 1507 1090 1577 probissimum:
1119 1507 1196 1589 nibil
1216 1509 1294 1565 enim
1316 1509 1375 1566 illis
1395 1507 1520 1579 accidit,
1548 1509 1628 1567 unde
1649 1511 1747 1581 maors
1769 1527 1822 1567 su-

509 1606 664 1673 stulerint
682 1606 805 1670 cristas,
824 1606 960 1679 quodque
982 1609 1040 1665 illis
1061 1609 1157 1679 napis
1175 1608 1461 1709 addiderit-animos
1477 1624 1565 1681 quam
1581 1609 1630 1668 bic
1646 1609 1771 1669 liutteni
1783 1613 1822 1669 li-

459 1711 525 1762 §.302
538 1705 639 1765 bellus.
683 1705 750 1764 Iam
771 1706 845 1765 milri
864 1708 965 1766 uidere
986 1708 1088 1767 uideor
1108 1709 1239 1782 undique
1259 1710 1428 1782 posticulas,
1451 1708 1648 1781 subsilientes,
1666 1711 1726 1770 sibi
1745 1729 1821 1783 pra-
1888 1735 1890 1738 ·

526 1808 652 1867 calanus
671 1808 786 1867 devotos
806 1808 950 1866 bonarum
972 1811 1128 1868 literarum
1150 1827 1188 1868 ac
1210 1809 1362 1882 rneotoplo
1383 1812 1563 1884 syncerioris
1585 1811 1697 1883 hostes,
1723 1812 1848 1871 Loca-n

526 1911 571 1972 nii
590 1909 812 1968 Ecmondaaum
828 1918 857 1968 ct
879 1911 1076 1983 Vincendum,
1097 1911 1221 1970 Lutetia
1241 1912 1315 1969 duos
1335 1914 1491 1985 praecipue
1510 1911 1676 1989 tbeolopos,
1697 1916 1820 1973 alterum

528 2010 694 2080 Quanam,¹
721 2013 849 2070 alterum
871 1994 1052 2083 Belaceum,
1072 2013 1202 2071 Colonia>
1228 2011 1441 2071 Tbeodoricam
1465 2013 1659 2086 b’oaimaonm
1676 2031 1745 2073 curn
1772 2031 1820 2072 suo

457 2120 524 2171 §.aas
535 2113 658 2171 sordido
679 2113 833 2181 sodalitia·
857 2112 999 2185 fortassis
1020 2120 1049 2173 et
1064 2115 1095 2172 in
1119 2114 1229 2186 Aitolia
1250 2113 1341 2172 teum
1364 2131 1431 2173 cum
1454 2113 1617 2173 Stoadicio.
1665 2115 1772 2175 Omnes
1791 2116 1821 2175 li

524 2215 705 2289 triumphum
721 2214 874 2273 edomant
890 2214 1030 2285 Humano,
1045 2218 1179 2275 callatim
1194 2216 1414 2290 applaudentes
1431 2222 1461 2274 et
1476 2218 1695 2275 acclamantes:
1713 2217 1819 2275 ‘Macte

525 2321 564 2375 ‘u'
580 2324 653 2392 tute,
668 2333 771 2391 eques,
787 2303 888 2394 βάλλ’
909 2303 1031 2388 οὕτως,
1051 2319 1162 2389 confice
1183 2317 1264 2376 nobis
1279 2300 1439 2375 Erasmum
1456 2319 1539 2376 illum
1556 2319 1610 2391 qui
1625 2320 1748 2377 inuectis
1764 2335 1817 2378 no-
1827 2335 1846 2375 u

525 2335 580 2477 ‘iffi
608 2420 719 2490 timuis
748 2434 786 2477 ac
814 2421 908 2478 literis
935 2434 1060 2491 reanum
1086 2426 1218 2478 nostrum
1247 2418 1452 2491 labefactavit.
1503 2402 1561 2476 Eia
1587 2419 1696 2478 talibas
1718 2419 1819 2478 libellis
1894 2432 1900 2446 “

526 2520 629 2578 ‘redde
649 2522 751 2579 literas
773 2521 860 2588 istas,
889 2536 964 2593 quas
987 2520 1110 2592 puidam
1129 2519 1212 2591 falso
1234 2526 1340 2578 evocant
1359 2519 1465 2592 bonas,
1492 2521 1604 2578 inuisus
1618 2521 1817 2595 principibus,

524 2622 644 2678 ‘inuisas
661 2622 815 2691 laceranti,
839 2636 928 2694 ouum
948 2622 1077 2680 uiderint
1093 2624 1123 2678 in
1140 2621 1186 2679 bis
1206 2638 1269 2679 esse
1285 2627 1397 2679 tantum
1417 2623 1597 2693 virulentiae,
1615 2623 1719 2680 necin
1737 2621 1821 2680 aliud

524 2723 633 2779 ‘ualere
654 2723 714 2778 nisi
733 2722 777 2779 ad
796 2724 977 2780 calumniam
998 2723 1138 2781 boaorum
1159 2727 1189 2779 el
1205 2722 1376 2780 seditionem
1390 2722 1618 2790 concitandam·
1637 2724 1737 2797 prode
1753 2739 1819 2797 my-

524 2824 623 2880 ‘steria
640 2824 824 2896 poeticorum
846 2824 1014 2896 maiorum·
1034 2825 1153 2897 inspae,
1177 2804 1509 2896 immunoe,'immiape,
1527 2826 1635 2882 incaea
1657 2826 1689 2881 in
1703 2823 1849 2894 sonamus

524 2925 615 2982 ‘illam
632 2923 806 2995 Musarum,
834 2927 943 2982 necui
958 2924 1086 3007 posllrac
1107 2942 1147 2983 aa
1164 2940 1198 2982 eo
1214 2924 1304 2982 libeat
1322 2923 1436 2997 bibere,
1466 2931 1495 2982 et
1514 2925 1543 2982 si
1561 2926 1604 2983 uis
1626 2927 1710 2983 illum
1732 2927 1820 2983 semel

524 3025 665 3083 ‘omnibus
684 3025 777 3082 modis
790 3040 1007 3100 conspurcare,
1027 3032 1054 3084 le
1069 3032 1158 3084 tolum
1177 3028 1207 3083 ia
1223 3041 1256 3082 eo
1271 3027 1389 3098 prolue.
1436 3025 1582 3099 Quicquid
1598 3027 1629 3084 in
1647 3041 1700 3084 rios
1716 3027 1819 3085 baele-

455 3135 522 3184 issr.
534 3131 599 3184 ‘aas
612 3129 754 3201 peccasti,
770 3128 981 3198 condonamus,
996 3129 1024 3185 si
1034 3143 1145 3202 perpes
1157 3142 1218 3201 qua
1233 3124 1366 3200 coepisti!
1410 3125 1537 3185 Felicem
1553 3126 1715 3186 Haltenum
1730 3143 1817 3201 ouum

522 3229 560 3286 ab
580 3228 626 3287 bis
644 3230 726 3286 noais
747 3230 852 3287 amicis
869 3231 984 3287 uenient
995 3230 1208 3302 pratalalm'ces
1225 3230 1371 3302 epistota,
1395 3227 1617 3286 missitabantur
1638 3232 1743 3301 xenia,
1762 3229 1817 3287 de-

457 3340 462 3352 ”
519 3330 660 3403 serentur
684 3332 815 3402 inpenuu
840 3346 977 3389 munero.
1021 3330 1097 3389 Hoee
1123 3346 1163 3388 aa
1192 3346 1263 3388 uera
1285 3330 1346 3386 siat
1362 3328 1492 3387 nondum
1513 3328 1587 3387 mibi
1605 3330 1716 3403 liqna,-
1739 3339 1846 3389 certe-is

523 3435 612 3491 mullo
628 3439 697 3491 sant
711 3435 859 3506 propiora
877 3434 954 3490 ueris
974 3437 1064 3503 quani
1088 3448 1156 3504 quae
1175 3433 1226 3490 ille
1241 3431 1330 3502 fiapit
1349 3430 1386 3487 de
1403 3445 1448 3488 me
1465 3428 1590 3488 Romam
1604 3437 1701 3503 eunte,
1724 3432 1818 3505 deque

453 3543 521 3592 stus.
531 3522 658 3592 occursu
679 3534 899 3592 cardinalium:
922 3549 992 3590 nam
1010 3548 1065 3605 epo
1083 3538 1123 3590 lot
1138 3533 1232 3591 modis
1246 3537 1425 3605 provocatus
1446 3531 1523 3589 nibil
1542 3531 1644 3590 adbuc
1660 3534 1774 3606 scripsi
1788 3534 1816 3592 in

520 3635 695 3704 lutherum,
719 3640 749 3693 et
768 3633 914 3692 Hutteaus
937 3640 1053 3707 praeter
1079 3646 1201 3692 causam
1228 3639 1288 3691 tam
1309 3634 1486 3692 virulentum
1505 3632 1634 3691 libellum
1661 3634 1767 3694 scribit
1787 3636 1827 3693 inv

521 3739 662 3807 amimam,
689 3737 773 3794 cuius
787 3735 1003 3808 praedicatione
1020 3734 1139 3807 sactum
1160 3741 1216 3807 est,
1247 3743 1279 3792 ut
1297 3737 1383 3792 mulli
1397 3737 1450 3808 qui
1469 3734 1631 3795 Hutlenum
1652 3751 1712 3794 aon
1731 3736 1817 3795 aide-

452 3847 518 3896 ssso.
531 3843 615 3908 runt,
638 3844 668 3893 et
687 3838 787 3894 norint
802 3851 868 3893 eum
890 3842 919 3893 el
939 3835 1082 3909 dilipaal:
1105 3838 1219 3909 alioqui
1235 3836 1309 3909 aad
1329 3837 1412 3893 illum
1432 3839 1566 3911 perpulit
1586 3836 1629 3894 ad
1646 3845 1706 3895 tum
1729 3839 1846 3896 viru-n

520 3940 629 4018 tentam
647 3931 858 4010 scriptionem?
880 3937 1081 3996 demonstrari
1098 3953 1208 3997 causas
1229 3953 1305 4011 quas
1327 3940 1439 4010 allebat
1459 3956 1522 3997 esse
1544 3940 1658 4008 nullas,
1682 3937 1716 3994 id
1736 3937 1817 4011 quod

517 4056 574 4113 per
600 4056 632 4097 se
653 4038 847 4113 perspicuam
875 4046 942 4095 erat
961 4038 1095 4097 cordatis
1113 4046 1142 4096 el
1166 4040 1304 4111 talearis,
1335 4040 1423 4097 etiam
1446 4041 1482 4098 iis
1505 4041 1557 4113 qui
1576 4039 1705 4096 Hutleao
1722 4038 1815 4111 saue-

516 4140 597 4198 baat.
643 4140 722 4210 Quid
741 4140 833 4212 ipilur
854 4140 912 4198 sibi
930 4141 1020 4198 uoluit
1041 4139 1096 4198 boc
1118 4137 1236 4201 libello?
1254 4139 1382 4213 Scripsit
1397 4141 1492 4199 animi
1510 4136 1636 4212 arada?
1656 4143 1814 4200 concerde-

519 4376 647 4426 Ceterum
671 4376 704 4425 de
723 4376 840 4425 Erasmo
865 4379 976 4425 constat
999 4376 1129 4425 donorum
1153 4391 1186 4424 ac
1209 4389 1351 4424 munerum
1376 4375 1527 4438 cupiditas,
1553 4374 1587 4424 de
1610 4375 1736 4423 Huttono
1760 4389 1812 4424 non

517 4466 674 4526 corruptum
699 4476 760 4510 asse
778 4475 915 4525 umquam.
969 4457 990 4491 ¹²
1008 4461 1147 4522 Quemnm
1159 4486 1192 4493 -
1204 4456 1366 4522 Betacenm]
1384 4458 1538 4523 Eleganter
1556 4459 1712 4508 nominibus
1730 4459 1812 4507 ludit:

518 4545 682 4596 Guilielmus
705 4547 842 4608 QuiemuS,
862 4546 1047 4607 Numantinus,
1072 4545 1145 4593 iuter
1167 4543 1283 4592 Lutlreri
1308 4545 1514 4608 impugnatores
1538 4542 1661 4592 infirmos
1685 4559 1810 4593 recense-

518 4635 574 4691 tur,
599 4632 736 4680 Botacens
758 4632 873 4679 Erasnro
899 4636 952 4685 est,
978 4629 1086 4693 opinor,
1117 4627 1228 4678 Natalis
1246 4627 1338 4687 Beda,
1370 4628 1489 4691 insignia
1511 4628 1690 4677 Boterodami
1714 4628 1809 4677 hostis.

517 4714 537 4747 ¹²
555 4714 659 4763 Theod.
672 4713 716 4779 N.]
736 4715 769 4763 de
784 4715 892 4778 Goudu,
908 4714 1104 4765 Carmelitum?
1118 4713 1160 4761 cf.
1175 4714 1244 4776 Epp.
1260 4711 1292 4760 0.
1306 4713 1338 4760 V.
1353 4712 1408 4760 1.1.
1453 4711 1472 4743 ¹²
1486 4711 1522 4761 ei.
1538 4713 1657 4761 loannes
1670 4711 1809 4769 Standiah‚

516 4800 549 4848 de
569 4814 620 4860 quo
633 4800 738 4848 Erasm.
758 4801 828 4864 Epp.
841 4801 904 4849 Xll.
926 4799 965 4848 15.
985 4799 1045 4847 sive
1064 4798 1105 4846 ed.
1122 4782 1195 4845 1706.
1216 4796 1263 4845 iol.
1284 4813 1309 4860 p.
1324 4796 1382 4845 sol.
1395 4812 1454 4859 sqq.
1473 4796 1511 4844 11⁰.
1525 4795 1583 4844 516.
1656 4793 1677 4827 ¹⁴
1696 4795 1810 4861 applan-

515 4884 614 4933 dantes
635 4886 659 4931 1.
718 4881 739 4914 ¹²
756 4871 916 4949 bdll'tiotl
935 4883 1056 4932 aicferi!
1109 4879 1132 4914 ²⁰
1149 4883 1246 4945 inspue
1265 4879 1324 4944 etex]
1344 4881 1435 4944 Magia
1453 4881 1585 4944 temporie
1603 4895 1685 4944 quam
1704 4881 1810 4930 Erasini

515 4968 612 5017 vitium
636 4967 702 5025 init,
727 4967 797 5030 qnod
821 4968 874 5031 ipsi
895 4967 936 5015 lim
955 4966 1098 5030 spurcitiae
1117 4982 1165 5029 pro
1185 4965 1297 5014 facetiis
1315 4964 1467 5030 placerent.
1543 4962 1566 4995 ²³
1587 4965 1648 5013 Non
1666 4964 1809 5014 admodum

515 5051 649 5111 feliciter,
670 5056 700 5098 ut
718 5051 785 5099 mihi
803 5050 912 5114 quidem
931 5050 1051 5108 videtur,
1071 5050 1202 5098 Erasmus
1221 5049 1345 5097 imitatur
1362 5048 1657 5113 Expost.§§.155.sq.
