4367 6084
934 639 955 672 ι

565 725 697 775 CCCl’ll.
711 739 812 773 crrssur
827 739 889 773 nor.
903 739 949 774 an.
963 739 1076 773 nnncru
1091 739 1234 773 cavnrsru
1247 740 1289 773 nr.
1304 740 1329 772 n.
1345 731 1364 772 1.
1378 739 1458 772 inan.
1473 730 1531 772 tara.
1623 706 1717 778 173.

389 915 458 969 gari
481 897 510 952 in
541 897 623 959 orbe,
653 897 819 970 summisque
849 906 877 952 et
905 897 1003 952 inllmis
1033 915 1115 970 qnmn
1142 896 1432 952 commendatissimum
1455 895 1522 964 heri.
1568 895 1694 951 nimirum

387 981 580 1054 respondebit
609 981 659 1037 hoc
689 982 715 1036 in
743 981 837 1054 primis
865 982 1000 1054 expedire.
1045 982 1121 1048 (luur
1149 981 1233 1053 igitur
1255 981 1363 1053 quidam
1387 981 1562 1052 indignantur
1584 980 1694 1036 Erasmo

388 1067 445 1139 qui
476 1067 544 1121 duas
575 1083 619 1119 res
642 1065 722 1119 vellet
744 1065 840 1121 abesse
862 1084 876 1120 a
900 1064 977 1120 libris
1000 1066 1110 1122 Lutheri
1134 1084 1194 1138 qum
1217 1066 1389 1138 potissimam
1412 1075 1439 1120 et
1461 1065 1538 1120 lidem
1561 1064 1695 1136 abrogant

384 1160 424 1205 et
449 1151 548 1223 optimi
572 1150 703 1222 cuiusque
726 1152 845 1205 animum
866 1148 998 1212 alienant,
1028 1150 1193 1221 arrogantiae
1221 1150 1338 1222 speciem
1361 1157 1389 1205 ct
1411 1148 1623 1204 maledicentiam
1647 1149 1695 1203 im·
1742 1160 1743 1163 ’

338 1245 361 1280 ⁵
388 1235 552 1290 modicam?
575 1243 603 1290 et
626 1243 714 1289 tamen
737 1234 794 1289 haee
817 1235 853 1289 ita
877 1244 940 1290 sunt
963 1235 1108 1307 insigniter
1131 1235 1286 1295 manifesta,
1311 1235 1408 1307 utqui
1432 1251 1512 1306 quam
1534 1233 1695 1288 amicissime

382 1319 563 1380 defendunt,
587 1336 641 1374 non
664 1318 780 1374 habeant
801 1318 921 1374 colorem
944 1335 1022 1391 quem
1046 1321 1184 1381 adierant,
1215 1319 1267 1373 nisi
1295 1319 1334 1373 sic
1362 1318 1556 1374 commeruisse
1584 1326 1693 1397 peceqta

386 1412 508 1476 mostra,
532 1411 562 1458 nt
578 1421 628 1476 per
651 1412 703 1473 tam
726 1403 852 1459 acerbum
875 1403 1079 1475 objurgatorem
1102 1402 1291 1477 scorpionibus
1313 1404 1487 1458 caadercmur.
1533 1402 1597 1457 mihi
1619 1411 1692 1457 certe
1703 1406 1762 1456 tlt.

390 1490 518 1560 primum
542 1487 652 1543 Lutheri
681 1487 808 1560 spiritum
836 1504 890 1543 non
923 1488 991 1542 nihil
1019 1497 1175 1561 suspectum
1199 1488 1316 1543 reddidit
1338 1486 1384 1542 illa
1406 1488 1572 1560 scriptorum
1595 1487 1695 1542 lerocia

388 1583 426 1627 et
450 1590 585 1646 nusquam
607 1589 662 1626 non
677 1581 778 1644 ‘parata
801 1572 933 1632 convicia,
957 1590 1008 1628 nee
1030 1573 1125 1627 dubito
1148 1573 1213 1645 quin
1236 1572 1297 1626 aliis
1320 1571 1527 1645 quamplurimis
1550 1572 1620 1626 idem
1644 1589 1695 1626 usu

321 1664 375 1702 ¹⁰
401 1657 507 1712 venerit
530 1657 604 1729 quod
626 1657 700 1710 mint
745 1656 772 1711 Si
796 1656 905 1711 lutheri
929 1657 1052 1712 doctrina
1075 1665 1168 1712 sancta
1190 1665 1246 1717 est,
1271 1674 1351 1729 quam
1374 1655 1475 1712 multos
1497 1657 1586 1711 credis
1609 1655 1642 1711 ab
1664 1674 1695 1710 ea

396 1741 534 1809 alienatos
558 1758 591 1796 co
613 1739 707 1796 libello
730 1758 784 1813 qno
808 1741 949 1814 respondit
971 1741 1122 1813 hnglorum
1145 1742 1218 1813 regi,
1243 1758 1297 1813 qno
1319 1740 1442 1814 principe
1466 1741 1514 1799 vix.
1529 1740 1598 1795 alins
1614 1741 1695 1795 hodie

401 1826 464 1880 ririt
487 1824 614 1880 omnihus
637 1825 720 1897 regiis
742 1825 852 1880 dotibus
875 1825 1010 1887 ornatior,
1043 1844 1095 1881 nec
1117 1826 1233 1881 alienior
1254 1843 1267 1880 a
1292 1825 1447 1898 tyrannide,
1474 1841 1523 1880 nec
1546 1825 1696 1897 gratiosior

401 1911 472 1983 apim
496 1927 574 1964 suuni
597 1903 742 1982 populum,
774 1927 823 1964 nec
854 1911 923 1982 apud
947 1928 1026 1983 quem
1050 1910 1129 1966 bonae
1152 1908 1238 1965 literae
1260 1919 1288 1965 et
1310 1910 1420 1982 egregia
1443 1909 1529 1964 virtus
1552 1910 1637 1982 magis
1660 1910 1696 1963 sit

404 1997 429 2048 in
444 1994 556 2066 precio?
579 1993 659 2050 liceat
681 1995 732 2048 hoc
754 1994 821 2049 citra
844 1987 1007 2051 adulationis
1033 1995 1216 2067 suspicionem
1239 1995 1333 2049 testari
1355 1995 1389 2050 dc
1411 2011 1459 2056 eo,
1483 2014 1497 2049 a
1520 2011 1574 2067 quo
1589 2011 1695 2065 necae-

337 2080 475 2150 ¹5cipio
506 2079 650 2152 quicquam
679 2095 727 2134 nce
755 2078 858 2134 anibio:
893 2079 943 2135 hoc
972 2088 1047 2134 certe
1075 2079 1169 2151 negari
1199 2096 1254 2134 non
1284 2086 1376 2151 potest
1405 2095 1497 2150 regem
1528 2079 1574 2151 pio
1604 2077 1763 2134 animaist.

404 2163 561 2235 scripsisse,
590 2171 617 2217 ct
645 2163 733 2235 siquid
763 2163 943 2218 convitiorum
972 2164 1116 2218 admiscuit
1145 2164 1171 2218 in
1194 2163 1357 2224 Lutherurn,
1385 2173 1486 2236 praeter
1514 2181 1594 2235 quarn
1623 2163 1695 2236 quod

405 2247 489 2320 ipsius
512 2245 663 2320 exemplum
686 2255 780 2320 posset
803 2256 969 2320 praetexere,
993 2248 1103 2320 scripsit
1121 2247 1146 2301 in
1163 2265 1223 2302 cum
1240 2248 1267 2301 in
1284 2265 1363 2320 quern
1378 2265 1526 2321 persuasus
1541 2256 1599 2303 erat
1615 2247 1695 2320 longe

404 2332 539 2386 atrociora
561 2340 731 2405 competerc;
754 2341 781 2387 ct
806 2324 892 2387 tannen
917 2333 939 2386 si
963 2333 1026 2405 qnid
1050 2333 1076 2386 in
1100 2350 1133 2387 eo
1157 2331 1249 2387 libello
1272 2341 1314 2387 est
1336 2331 1466 2393 alienum,
1490 2333 1615 2405 suspicor
1636 2350 1696 2387 esse

404 2415 515 2471 dicteria
538 2416 658 2488 (quaedam
682 2416 828 2471 acerbiora.
874 2417 965 2490 itaque
988 2417 1010 2471 si
1033 2417 1169 2473 Luthcrns
1191 2416 1344 2472 collaudato
1367 2418 1416 2489 pio
1436 2418 1510 2489 regis
1532 2417 1623 2472 studio
1639 2434 1696 2471 rem

345 2500 500 2556 anaetidis
522 2501 691 2573 argumentis
715 2500 824 2555 sortiter
847 2501 1013 2573 peregisset,
1038 2519 1093 2555 tion
1117 2500 1215 2556 violata
1238 2502 1313 2573 regia
1335 2501 1480 2572 dignitate,
1504 2501 1613 2563 rectius,
1638 2501 1696 2574 opi·

405 2602 467 2646 nor,
492 2583 676 2640 consuluisset
698 2603 753 2640 snre
775 2603 877 2645 causac,
900 2585 933 2641 de
957 2603 1009 2658 qua
1031 2602 1103 2641 nrrrrc
1125 2603 1186 2641 cnm
1201 2585 1356 2641 Lutherano
1380 2586 1507 2659 quopiam
1529 2586 1640 2658 perinde
1656 2585 1697 2640 lo·

405 2658 472 2742 quar
495 2669 571 2741 quasi
595 2670 631 2723 sit
654 2669 763 2742 optima.
809 2670 872 2742 (prid
895 2679 986 2725 autern
1009 2670 1132 2725 inutilius
1155 2688 1235 2742 quam
1258 2670 1399 2726 convitiari
1428 2671 1540 2726 sualmis
1568 2668 1701 2743 principi.

405 2754 468 2815 bus,
498 2753 597 2826 quibus
626 2753 783 2809 facillimum
811 2764 853 2809 cst
876 2772 906 2808 ea
929 2764 1118 2816 contemnere,
1147 2764 1174 2810 et
1199 2756 1225 2809 in
1248 2749 1377 2829 promptu
1399 2763 1442 2810 est
1464 2756 1487 2810 si
1510 2754 1592 2810 libeat
1613 2742 1695 2809 dvct-

405 2834 590 2910 μυκτηρίσαι.
634 2837 690 2910 Ego
714 2856 762 2893 nec
785 2856 876 2894 amore
899 2857 949 2895 ncc
971 2839 1033 2894 odio
1056 2839 1215 2912 cuiusquam
1238 2839 1393 2895 mortalium
1416 2841 1504 2896 sciens
1526 2840 1637 2913 prodam
1653 2855 1765 2904 roms,

363 2927 514 2978 :critatem
546 2922 741 2995 euangelicann
769 2924 862 2979 lerunt
890 2924 1043 2978 monarchae
1072 2924 1184 2979 liberam
1211 2924 1436 2986 admonitionem,
1466 2925 1622 2980 seditiosam
1651 2942 1698 2997 pe·

407 3007 548 3063 talantiam
579 3025 633 3062 non
660 3008 760 3062 lerunt.
805 3007 866 3063 llaec
894 3008 921 3061 in
951 3009 1000 3064 hoc
1031 3017 1134 3064 tantum
1157 3008 1282 3071 dixerim,
1312 3017 1341 3063 ut
1364 3010 1536 3082 perspicuum
1559 3010 1594 3064 sit
1617 3026 1697 3081 qnam

406 3110 453 3148 nec
476 3092 638 3147 lutheranis
660 3092 779 3147 dederim
803 3093 985 3153 occasionem,
1009 3110 1080 3165 quur
1103 3092 1129 3147 in
1153 3110 1194 3147 me
1218 3094 1315 3149 merito
1337 3094 1464 3155 saeviant;
1493 3111 1547 3149 non
1571 3094 1643 3167 qnod
1666 3093 1698 3146 il·

407 3177 447 3232 los
470 3186 600 3237 metuam,
625 3176 647 3231 si
671 3194 720 3232 suo
743 3176 809 3230 ritio
832 3178 954 3232 serantur
978 3177 1004 3232 in
1028 3194 1069 3232 me
1085 3176 1193 3249 potius,
1218 3194 1372 3250 quamanea
1387 3176 1480 3250 culpa,
1504 3179 1549 3232 sed
1566 3177 1638 3251 quod
1654 3195 1697 3231 re·

407 3260 450 3316 lim
473 3261 628 3334 aequitatem
652 3278 736 3316 rnemn
760 3261 884 3315 omnibns
907 3279 966 3317 esse
990 3260 1140 3333 probatam.
1186 3278 1246 3316 nam
1269 3260 1412 3334 provolant
1441 3261 1502 3315 hinc
1529 3270 1611 3335 atquc
1634 3261 1695 3316 hinc

368 3346 512 3418 maliquot
541 3344 665 3419 epistolae
692 3363 742 3406 ceu
765 3345 859 3400 velites
883 3346 973 3401 nescio
997 3345 1060 3417 quid
1084 3345 1251 3406 minitantes,
1282 3353 1309 3400 et
1332 3345 1404 3400 inter
1426 3345 1473 3399 has
1496 3361 1548 3398 una
1572 3362 1625 3399 non
1649 3363 1695 3418 pa·

407 3447 465 3485 rum
488 3431 595 3502 spirans
618 3431 726 3490 reneui,
750 3431 830 3485 etiam
853 3438 916 3485 ante
937 3437 1079 3485 consertas
1103 3446 1205 3483 uranus.
1251 3429 1302 3484 Sed
1325 3429 1368 3483 hic
1390 3428 1451 3483 volo
1474 3445 1581 3483 rursum
1605 3437 1635 3483 ut
1650 3430 1764 3484 acl-§.re

401 3517 441 3569 'sit
464 3515 530 3569 mihi
553 3514 722 3569 Lutheranus
746 3513 808 3575 ille,
838 3532 917 3587 quem
942 3522 971 3568 nt
993 3513 1141 3586 aequiorem
1163 3513 1252 3585 delegi
1276 3514 1388 3568 iudicem
1412 3513 1492 3568 huius
1514 3531 1610 3568 causae.
1656 3513 1697 3568 ln·

406 3599 533 3672 dignandi
556 3617 644 3654 cansae
666 3607 730 3653 sunt
753 3599 919 3654 huiusmodi:
944 3598 1057 3654 uidebar
1087 3599 1113 3653 in
1136 3599 1261 3671 epistolis
1284 3598 1381 3654 alicubi
1404 3599 1495 3654 nescio
1518 3598 1583 3670 quid
1606 3605 1698 3652 osten·

408 3691 463 3739 tare
486 3684 559 3756 spei,
587 3683 610 3737 si
639 3683 734 3739 liceret
763 3690 790 3737 ct
818 3684 840 3737 si
869 3684 980 3738 daretur
1007 3684 1095 3739 ocium
1124 3701 1166 3738 me
1188 3701 1243 3739 non
1265 3685 1421 3740 delutnrum
1445 3682 1634 3755 tranquillitati
1657 3684 1696 3738 rei

379 3769 566 3822 mhhristianu·
595 3775 623 3822 et
650 3768 776 3839 dignitati
805 3767 877 3822 sedis
904 3768 1070 3841 apostolieae.
1117 3768 1182 3841 quid
1216 3769 1272 3824 haec
1301 3768 1447 3842 promissio
1478 3768 1541 3822 lacit
1568 3767 1697 3822 adversus

407 3852 574 3907 liutherum?
603 3852 654 3907 Sed
683 3853 786 3923 lingant
814 3870 856 3907 mc
879 3852 1022 3925 scripsisse
1044 3854 1137 3908 nescio
1160 3853 1225 3926 quid
1247 3854 1374 3909 ailrersus
1398 3852 1486 3914 illum,
1517 3852 1590 3926 quod
1612 3852 1698 3908 adhuc

407 3954 469 3993 sane
492 3954 584 3991 verum
607 3954 661 3991 non
685 3945 740 3997 cst,
770 3954 852 4009 clitum
881 3944 955 3992 totus
978 3937 1052 3992 orbis
1075 3938 1149 3993 ultro
1172 3948 1250 3993 acuat
1273 3938 1365 3993 stilum
1388 3939 1415 3993 in
1438 3937 1529 3999 illurn,
1559 3955 1630 4011 quur
1651 3939 1697 3993 uni

407 4022 469 4076 milii
498 4021 688 4093 indignentur,
719 4022 741 4075 si
770 4039 813 4076 me
840 4039 1021 4077 connuoream
1050 4023 1140 4078 iussus
1163 4023 1196 4078 ab
1219 4023 1260 4078 his
1283 4023 1381 4096 quibus
1404 4024 1446 4077 rix
1469 4031 1556 4079 tutum
1580 4031 1698 4078 estnon

406 4106 538 4178 obsequi?
568 4105 617 4161 Sed
642 4105 707 4160 dtud
731 4105 795 4161 mihi
818 4107 947 4162 concedet
970 4107 1068 4179 opinor
1091 4107 1169 4162 iudex
1192 4125 1279 4169 inens,
1309 4109 1457 4164 bulherum
1480 4126 1535 4164 uon
1558 4125 1618 4164 csse
1642 4116 1765 4177 tamma,

377 4195 533 4262 ⁴lperrersc
557 4189 692 4263 iniquum,
724 4198 754 4245 ut
778 4207 860 4262 quum
884 4192 941 4263 ipse
964 4192 1014 4245 sibi
1028 4193 1184 4264 ‘permittat
1214 4210 1273 4247 nora
1297 4193 1385 4248 solum
1407 4192 1440 4247 ab
1464 4193 1589 4248 ornnibus
1611 4192 1696 4248 eccle·

405 4275 451 4330 siac
473 4273 633 4330 doctoribus
656 4275 815 4335 dissentire,
840 4291 929 4330 rerum
951 4275 1031 4329 etiam
1047 4294 1061 4329 a
1076 4276 1253 4332 conciliorum
1269 4277 1399 4336 decretis,
1423 4277 1581 4349 indignetur
1596 4277 1618 4330 si
1635 4278 1696 4349 quis

404 4358 509 4414 alicubi
525 4357 559 4413 ab
582 4359 642 4431 ipso
665 4359 823 4419 dissentiat,
847 4375 930 4431 seque
953 4358 1047 4435 laesum
1070 4361 1205 4414 existimet
1228 4361 1250 4414 si
1275 4361 1336 4432 quis
1358 4379 1372 4414 a
1395 4362 1520 4415 corrritiis
1544 4369 1698 4432 temperans

404 4461 543 4498 sacrarum
566 4442 705 4498 literarum
730 4444 907 4504 testimoniis,
931 4442 1029 4515 quibus
1052 4443 1098 4499 ille
1122 4444 1217 4498 tribuit
1240 4443 1400 4516 plurimum,
1423 4462 1453 4498 ac
1476 4443 1570 4498 solidis
1587 4445 1698 4498 rationi-

405 4528 454 4583 bus
479 4527 599 4600 inquirat
623 4529 779 4582 veritatem:
808 4545 869 4582 narn
897 4527 949 4581 hue
972 4527 1030 4599 ipse
1053 4534 1184 4599 provocat
1206 4545 1317 4587 ornnes.
1347 4545 1395 4582 ncc
1418 4527 1471 4583 alio
1494 4535 1622 4600 provocat
1646 4528 1698 4582 llo·

368 4616 500 4668 l«arcanus
523 4612 660 4685 pontifex,
691 4629 769 4684 quam
798 4621 827 4666 ut
849 4611 984 4667 Lutherns
1007 4610 1102 4665 solidis
1125 4611 1276 4666 rationibus
1299 4630 1329 4666 ac
1351 4629 1434 4666 sacrm
1457 4612 1599 4683 scripturae
1621 4612 1698 4666 testi·

403 4837 407 4846 .
471 4793 821 4858 ⁷Of.111.Reg.xtt.lt.
839 4793 877 4842 ll.
914 4794 950 4842 11.
965 4792 1057 4842 Paral.
1071 4790 1160 4841 X.ll.
1177 4790 1215 4839 ll.
1265 4791 1282 4823 ¹¹
1297 4795 1349 4856 quo
1362 4808 1402 4856 pr.
1416 4791 1475 4857 etc]
1490 4793 1604 4841 lmeinat
1618 4794 1698 4842 Erns-

405 4880 485 4929 mico.
559 4876 579 4909 ¹⁹
598 4893 663 4940 rege
685 4881 708 4926 ι.
773 4875 795 4908 ²²
814 4879 973 4928 Conviciari
986 4876 1159 4942 principibus
1173 4876 1252 4935 rude,
1273 4893 1320 4925 cos
1334 4876 1440 4925 adulari
1460 4875 1508 4941 [cs.
1521 4878 1536 4935 §
1549 4873 1601 4939 itt]
1622 4879 1698 4925 caui·

406 4980 481 5023 nnm;
501 4963 550 5011 seo
565 4962 631 5010 lllnd
649 4977 716 5011 sarie
730 4961 828 5011 inutile
843 4968 898 5023 cst,
919 4963 970 5010 hoe
984 4977 1047 5010 rero
1061 4966 1245 5026 quaestuosum
1258 4943 1468 5025 rrenunmquam.
1521 4957 1573 4990 ²³²⁸
1591 4949 1697 5028 α’ντιμ,]

406 5055 502 5097 contre
522 5046 702 5095 subsannare.
755 5045 777 5078 ²⁷
796 5047 974 5095 Lutherinnis
994 5049 1019 5095 1.
