<?xml version="1.0" encoding="UTF-8"?>
<!DOCTYPE html PUBLIC "-//W3C//DTD XHTML 1.0 Transitional//EN"
    "http://www.w3.org/TR/xhtml1/DTD/xhtml1-transitional.dtd">
<html xmlns="http://www.w3.org/1999/xhtml" xml:lang="en" lang="en">
 <head>
  <title>
</title>
<meta http-equiv="Content-Type" content="text/html;charset=utf-8" />
  <meta name='ocr-system' content='tesseract 3.04.00' />
  <meta name='ocr-capabilities' content='ocr_page ocr_carea ocr_par ocr_line ocrx_word'/>
</head>
<body>
  <div class='ocr_page' id='page_1' title='image "./ulrichihuttenie02huttgoog_0036.png"; bbox 0 0 4367 6084; ppageno 0'>
   <div class='ocr_carea' id='block_1_1' title="bbox 438 734 1685 808">
    <p class='ocr_par' dir='ltr' id='par_1_1' title="bbox 438 734 1685 808">
     <span class='ocr_line' id='line_1_1' title="bbox 438 734 1685 808; baseline 0.002 -15"><span class='ocrx_word' id='word_1_1' title='bbox 438 744 582 794; x_wconf 80' lang='lat' dir='ltr'>CCXXXI.</span> <span class='ocrx_word' id='word_1_2' title='bbox 598 760 723 794; x_wconf 73' lang='lat' dir='ltr'><strong>arratam</strong></span> <span class='ocrx_word' id='word_1_3' title='bbox 737 757 890 808; x_wconf 81' lang='lat' dir='ltr'><strong>mvrcrrva</strong></span> <span class='ocrx_word' id='word_1_4' title='bbox 903 759 932 793; x_wconf 86' lang='lat' dir='ltr'><strong>m</strong></span> <span class='ocrx_word' id='word_1_5' title='bbox 945 758 1217 795; x_wconf 76' lang='lat' dir='ltr'><strong>avruaaonasrroas</strong></span> <span class='ocrx_word' id='word_1_6' title='bbox 1232 759 1417 796; x_wconf 77' lang='lat' dir='ltr'><strong>sacanoorrs.</strong></span> <span class='ocrx_word' id='word_1_7' title='bbox 1431 761 1515 797; x_wconf 75' lang='lat' dir='ltr'><strong>uana.</strong></span> <span class='ocrx_word' id='word_1_8' title='bbox 1531 756 1588 799; x_wconf 69' lang='lat' dir='ltr'><strong>tant.</strong></span> <span class='ocrx_word' id='word_1_9' title='bbox 1637 734 1685 805; x_wconf 85' lang='lat'><strong>25</strong></span> 
     </span>
    </p>
   </div>
   <div class='ocr_carea' id='block_1_2' title="bbox 290 914 1753 4333">
    <p class='ocr_par' dir='ltr' id='par_1_2' title="bbox 290 914 1753 4333">
     <span class='ocr_line' id='line_1_2' title="bbox 397 914 1685 996; baseline 0.002 -21"><span class='ocrx_word' id='word_1_10' title='bbox 397 932 462 990; x_wconf 81' lang='lat' dir='ltr'><strong>ergo</strong></span> <span class='ocrx_word' id='word_1_11' title='bbox 485 917 527 973; x_wconf 82' lang='lat' dir='ltr'><strong>sic-</strong></span> <span class='ocrx_word' id='word_1_12' title='bbox 550 916 604 992; x_wconf 87' lang='lat' dir='ltr'><strong>ipsi</strong></span> <span class='ocrx_word' id='word_1_13' title='bbox 627 932 687 973; x_wconf 89' lang='lat' dir='ltr'><strong>non</strong></span> <span class='ocrx_word' id='word_1_14' title='bbox 710 915 820 973; x_wconf 79' lang='lat' dir='ltr'><strong>vivitis?</strong></span> <span class='ocrx_word' id='word_1_15' title='bbox 853 921 882 973; x_wconf 89' lang='lat' dir='ltr'><strong>at</strong></span> <span class='ocrx_word' id='word_1_16' title='bbox 905 915 961 972; x_wconf 90' lang='lat' dir='ltr'><strong>iam</strong></span> <span class='ocrx_word' id='word_1_17' title='bbox 990 920 1019 981; x_wconf 87' lang='lat' dir='ltr'><strong>ot</strong></span> <span class='ocrx_word' id='word_1_18' title='bbox 1047 914 1154 972; x_wconf 72' lang='lat' dir='ltr'><strong>donaro</strong></span> <span class='ocrx_word' id='word_1_19' title='bbox 1183 933 1249 983; x_wconf 67' lang='grc' dir='ltr'><strong>νος,</strong></span> <span class='ocrx_word' id='word_1_20' title='bbox 1279 917 1302 975; x_wconf 90' lang='lat' dir='ltr'><strong>si</strong></span> <span class='ocrx_word' id='word_1_21' title='bbox 1330 917 1426 976; x_wconf 78' lang='lat' dir='ltr'><strong>sciatis</strong></span> <span class='ocrx_word' id='word_1_22' title='bbox 1455 919 1556 986; x_wconf 78' lang='lat' dir='ltr'><strong>etiam,</strong></span> <span class='ocrx_word' id='word_1_23' title='bbox 1587 922 1685 996; x_wconf 78' lang='lat' dir='ltr'><strong>pudor,</strong></span> 
     </span>
     <span class='ocr_line' id='line_1_3' title="bbox 396 1015 1753 1098; baseline 0.006 -23"><span class='ocrx_word' id='word_1_24' title='bbox 396 1019 517 1092; x_wconf 72' lang='lat' dir='ltr'><strong>pessime</strong></span> <span class='ocrx_word' id='word_1_25' title='bbox 533 1018 630 1076; x_wconf 79' lang='lat' dir='ltr'><strong>rivere</strong></span> <span class='ocrx_word' id='word_1_26' title='bbox 652 1034 711 1075; x_wconf 92' lang='lat' dir='ltr'><strong>nnn</strong></span> <span class='ocrx_word' id='word_1_27' title='bbox 727 1016 825 1092; x_wconf 79' lang='lat' dir='ltr'><strong>pudet.</strong></span> <span class='ocrx_word' id='word_1_28' title='bbox 864 1015 939 1087; x_wconf 85' lang='lat' dir='ltr'><strong>Quid</strong></span> <span class='ocrx_word' id='word_1_29' title='bbox 962 1015 1057 1075; x_wconf 85' lang='lat' dir='ltr'><strong>adbuo</strong></span> <span class='ocrx_word' id='word_1_30' title='bbox 1078 1017 1264 1076; x_wconf 69' lang='lat' dir='ltr'><strong>sacerdotum</strong></span> <span class='ocrx_word' id='word_1_31' title='bbox 1289 1024 1317 1074; x_wconf 81' lang='lat' dir='ltr'><strong>ot</strong></span> <span class='ocrx_word' id='word_1_32' title='bbox 1340 1020 1544 1098; x_wconf 81' lang='lat' dir='ltr'><strong>opiscoporum</strong></span> <span class='ocrx_word' id='word_1_33' title='bbox 1567 1024 1753 1084; x_wconf 74' lang='lat' dir='ltr'><strong>nominatas.</strong></span> 
     </span>
     <span class='ocr_line' id='line_1_4' title="bbox 396 1116 1685 1203; baseline 0.008 -27"><span class='ocrx_word' id='word_1_34' title='bbox 396 1117 558 1177; x_wconf 79' lang='lat' dir='ltr'>adscribitis</span> <span class='ocrx_word' id='word_1_35' title='bbox 580 1118 663 1177; x_wconf 84' lang='lat' dir='ltr'><strong>vobis</strong></span> <span class='ocrx_word' id='word_1_36' title='bbox 686 1124 714 1175; x_wconf 87' lang='lat' dir='ltr'><strong>ot</strong></span> <span class='ocrx_word' id='word_1_37' title='bbox 737 1116 1000 1177; x_wconf 78' lang='lat' dir='ltr'><strong>arrlosiastirorum</strong></span> <span class='ocrx_word' id='word_1_38' title='bbox 1024 1116 1115 1177; x_wconf 86' lang='lat' dir='ltr'><strong>classo</strong></span> <span class='ocrx_word' id='word_1_39' title='bbox 1139 1120 1253 1177; x_wconf 66' lang='lat' dir='ltr'><strong>censori</strong></span> <span class='ocrx_word' id='word_1_40' title='bbox 1276 1119 1378 1178; x_wconf 76' lang='lat' dir='ltr'><strong>mltis?</strong></span> <span class='ocrx_word' id='word_1_41' title='bbox 1411 1129 1506 1197; x_wconf 86' lang='lat' dir='ltr'><strong>potost</strong></span> <span class='ocrx_word' id='word_1_42' title='bbox 1528 1124 1685 1203; x_wconf 84' lang='lat' dir='ltr'><strong>qnioquam</strong></span> 
     </span>
     <span class='ocr_line' id='line_1_5' title="bbox 379 1219 1685 1301; baseline 0.005 -23"><span class='ocrx_word' id='word_1_43' title='bbox 379 1223 490 1280; x_wconf 77' lang='lat' dir='ltr'><strong>tinibus</strong></span> <span class='ocrx_word' id='word_1_44' title='bbox 520 1222 676 1279; x_wconf 85' lang='lat' dir='ltr'><strong>rourouiro</strong></span> <span class='ocrx_word' id='word_1_45' title='bbox 705 1238 791 1296; x_wconf 85' lang='lat' dir='ltr'><strong>quam</strong></span> <span class='ocrx_word' id='word_1_46' title='bbox 822 1238 888 1278; x_wconf 83' lang='lat' dir='ltr'><strong>oum</strong></span> <span class='ocrx_word' id='word_1_47' title='bbox 918 1219 963 1277; x_wconf 91' lang='lat' dir='ltr'><strong>bis</strong></span> <span class='ocrx_word' id='word_1_48' title='bbox 991 1219 1159 1296; x_wconf 87' lang='lat' dir='ltr'><strong>nominibus</strong></span> <span class='ocrx_word' id='word_1_49' title='bbox 1188 1221 1286 1286; x_wconf 69' lang='lat' dir='ltr'><strong>rostri,</strong></span> <span class='ocrx_word' id='word_1_50' title='bbox 1303 1239 1401 1280; x_wconf 79' lang='lat' dir='ltr'><strong>mores</strong></span> <span class='ocrx_word' id='word_1_51' title='bbox 1428 1231 1582 1301; x_wconf 75' lang='lat' dir='ltr'><strong>rostraque</strong></span> <span class='ocrx_word' id='word_1_52' title='bbox 1612 1228 1685 1286; x_wconf 83' lang='lat' dir='ltr'><strong>rita?</strong></span> 
     </span>
     <span class='ocr_line' id='line_1_6' title="bbox 293 1311 1753 1402; baseline 0.004 -20"><span class='ocrx_word' id='word_1_53' title='bbox 293 1332 389 1382; x_wconf 73' lang='lat' dir='ltr'><strong>1ss</strong></span> <span class='ocrx_word' id='word_1_54' title='bbox 414 1317 421 1402; x_wconf 88' lang='grc' dir='ltr'>Ι</span> <span class='ocrx_word' id='word_1_55' title='bbox 448 1322 580 1381; x_wconf 79' lang='lat' dir='ltr'><strong>&#39;landam</strong></span> <span class='ocrx_word' id='word_1_56' title='bbox 601 1323 625 1380; x_wconf 89' lang='lat' dir='ltr'><strong>si</strong></span> <span class='ocrx_word' id='word_1_57' title='bbox 648 1320 732 1381; x_wconf 90' lang='lat' dir='ltr'><strong>vultis</strong></span> <span class='ocrx_word' id='word_1_58' title='bbox 753 1322 857 1380; x_wconf 74' lang='lat' dir='ltr'><strong>sudoro</strong></span> <span class='ocrx_word' id='word_1_59' title='bbox 880 1322 907 1379; x_wconf 94' lang='lat' dir='ltr'><strong>in</strong></span> <span class='ocrx_word' id='word_1_60' title='bbox 930 1319 1106 1380; x_wconf 75' lang='lat' dir='ltr'><strong>sublimitate</strong></span> <span class='ocrx_word' id='word_1_61' title='bbox 1126 1321 1288 1389; x_wconf 88' lang='lat' dir='ltr'><strong>bonorum,</strong></span> <span class='ocrx_word' id='word_1_62' title='bbox 1305 1325 1403 1387; x_wconf 86' lang='lat' dir='ltr'><strong>otiam</strong></span> <span class='ocrx_word' id='word_1_63' title='bbox 1432 1311 1753 1401; x_wconf 67' lang='lat' dir='ltr'><strong>pta-leniturumtn-</strong></span> 
     </span>
     <span class='ocr_line' id='line_1_7' title="bbox 397 1422 1685 1506; baseline 0.007 -26"><span class='ocrx_word' id='word_1_64' title='bbox 397 1425 454 1483; x_wconf 78' lang='lat' dir='ltr'><strong>n&#39;tae</strong></span> <span class='ocrx_word' id='word_1_65' title='bbox 477 1423 588 1483; x_wconf 81' lang='lat' dir='ltr'>induite</span> <span class='ocrx_word' id='word_1_66' title='bbox 610 1441 666 1482; x_wconf 84' lang='lat' dir='ltr'><strong>noo</strong></span> <span class='ocrx_word' id='word_1_67' title='bbox 688 1423 724 1481; x_wconf 92' lang='lat' dir='ltr'><strong>ab</strong></span> <span class='ocrx_word' id='word_1_68' title='bbox 748 1424 954 1499; x_wconf 78' lang='lat' dir='ltr'><strong>opiscoporum</strong></span> <span class='ocrx_word' id='word_1_69' title='bbox 978 1422 1066 1481; x_wconf 88' lang='lat' dir='ltr'><strong>titulis</strong></span> <span class='ocrx_word' id='word_1_70' title='bbox 1089 1423 1140 1482; x_wconf 87' lang='lat' dir='ltr'><strong>sod</strong></span> <span class='ocrx_word' id='word_1_71' title='bbox 1163 1442 1253 1482; x_wconf 79' lang='lat' dir='ltr'><strong>narro</strong></span> <span class='ocrx_word' id='word_1_72' title='bbox 1277 1423 1451 1498; x_wconf 83' lang='lat' dir='ltr'><strong>gloriamini.</strong></span> <span class='ocrx_word' id='word_1_73' title='bbox 1489 1444 1555 1486; x_wconf 92' lang='lat' dir='ltr'><strong>nam</strong></span> <span class='ocrx_word' id='word_1_74' title='bbox 1578 1447 1685 1506; x_wconf 90' lang='lat' dir='ltr'><strong>quous·</strong></span> 
     </span>
     <span class='ocr_line' id='line_1_8' title="bbox 397 1523 1686 1601; baseline 0.006 -19"><span class='ocrx_word' id='word_1_75' title='bbox 397 1543 448 1601; x_wconf 84' lang='lat' dir='ltr'><strong>quo</strong></span> <span class='ocrx_word' id='word_1_76' title='bbox 472 1525 599 1584; x_wconf 77' lang='lat' dir='ltr'><strong>carnalia</strong></span> <span class='ocrx_word' id='word_1_77' title='bbox 622 1533 722 1583; x_wconf 88' lang='lat' dir='ltr'><strong>nostra</strong></span> <span class='ocrx_word' id='word_1_78' title='bbox 744 1525 873 1591; x_wconf 78' lang='lat' dir='ltr'><strong>umoris,</strong></span> <span class='ocrx_word' id='word_1_79' title='bbox 898 1543 963 1583; x_wconf 85' lang='lat' dir='ltr'><strong>oum</strong></span> <span class='ocrx_word' id='word_1_80' title='bbox 981 1523 1140 1600; x_wconf 73' lang='lat' dir='ltr'><strong>spiritualia</strong></span> <span class='ocrx_word' id='word_1_81' title='bbox 1155 1525 1271 1584; x_wconf 74' lang='lat' dir='ltr'><strong>interim</strong></span> <span class='ocrx_word' id='word_1_82' title='bbox 1287 1526 1366 1585; x_wconf 91' lang='lat' dir='ltr'><strong>nulla</strong></span> <span class='ocrx_word' id='word_1_83' title='bbox 1382 1527 1467 1587; x_wconf 89' lang='lat' dir='ltr'><strong>uobis</strong></span> <span class='ocrx_word' id='word_1_84' title='bbox 1482 1529 1686 1590; x_wconf 78' lang='lat' dir='ltr'><strong>adsentiuotis?</strong></span> 
     </span>
     <span class='ocr_line' id='line_1_9' title="bbox 397 1626 1684 1709; baseline 0.007 -27"><span class='ocrx_word' id='word_1_85' title='bbox 397 1644 547 1703; x_wconf 78' lang='lat' dir='ltr'><strong>sanrporne</strong></span> <span class='ocrx_word' id='word_1_86' title='bbox 573 1633 672 1685; x_wconf 88' lang='lat' dir='ltr'><strong>nostra</strong></span> <span class='ocrx_word' id='word_1_87' title='bbox 702 1626 738 1685; x_wconf 85' lang='lat' dir='ltr'><strong>de</strong></span> <span class='ocrx_word' id='word_1_88' title='bbox 761 1628 883 1702; x_wconf 78' lang='lat' dir='ltr'><strong>pecunia</strong></span> <span class='ocrx_word' id='word_1_89' title='bbox 907 1628 993 1685; x_wconf 86' lang='lat' dir='ltr'><strong>rostri</strong></span> <span class='ocrx_word' id='word_1_90' title='bbox 1018 1632 1104 1684; x_wconf 83' lang='lat' dir='ltr'><strong>arunt</strong></span> <span class='ocrx_word' id='word_1_91' title='bbox 1126 1633 1275 1703; x_wconf 83' lang='lat' dir='ltr'><strong>sumptuS,</strong></span> <span class='ocrx_word' id='word_1_92' title='bbox 1298 1630 1391 1687; x_wconf 84' lang='lat' dir='ltr'><strong>&#39;otiam</strong></span> <span class='ocrx_word' id='word_1_93' title='bbox 1415 1629 1450 1687; x_wconf 93' lang='lat' dir='ltr'><strong>ad</strong></span> <span class='ocrx_word' id='word_1_94' title='bbox 1474 1632 1538 1688; x_wconf 77' lang='lat' dir='ltr'><strong>vino</strong></span> <span class='ocrx_word' id='word_1_95' title='bbox 1560 1635 1684 1709; x_wconf 91' lang='lat' dir='ltr'><strong>turpitu-</strong></span> 
     </span>
     <span class='ocr_line' id='line_1_10' title="bbox 397 1726 1752 1803; baseline 0.003 -18"><span class='ocrx_word' id='word_1_96' title='bbox 397 1729 489 1788; x_wconf 73' lang='lat' dir='ltr'><strong>dinem</strong></span> <span class='ocrx_word' id='word_1_97' title='bbox 512 1728 743 1788; x_wconf 72' lang='lat' dir='ltr'><strong>confovendam?</strong></span> <span class='ocrx_word' id='word_1_98' title='bbox 771 1727 878 1786; x_wconf 86' lang='lat' dir='ltr'><strong>Paulus</strong></span> <span class='ocrx_word' id='word_1_99' title='bbox 894 1745 960 1786; x_wconf 78' lang='lat' dir='ltr'><strong>oum</strong></span> <span class='ocrx_word' id='word_1_100' title='bbox 978 1726 1158 1801; x_wconf 77' lang='lat' dir='ltr'><strong>evangelium</strong></span> <span class='ocrx_word' id='word_1_101' title='bbox 1176 1729 1346 1803; x_wconf 72' lang='lat' dir='ltr'><strong>praodirarat</strong></span> <span class='ocrx_word' id='word_1_102' title='bbox 1364 1730 1681 1803; x_wconf 71' lang='lat' dir='ltr'><strong>Thessalonirousibus</strong></span> <span class='ocrx_word' id='word_1_103' title='bbox 1693 1741 1752 1789; x_wconf 72' lang='lat' dir='ltr'><strong>§.tt</strong></span> 
     </span>
     <span class='ocr_line' id='line_1_11' title="bbox 339 1828 1685 1906; baseline 0.008 -20"><span class='ocrx_word' id='word_1_104' title='bbox 339 1839 429 1888; x_wconf 69' lang='lat' dir='ltr'><strong>“tna</strong></span> <span class='ocrx_word' id='word_1_105' title='bbox 457 1832 542 1890; x_wconf 83' lang='lat' dir='ltr'><strong>oneri</strong></span> <span class='ocrx_word' id='word_1_106' title='bbox 571 1837 648 1888; x_wconf 78' lang='lat' dir='ltr'><strong>ussat</strong></span> <span class='ocrx_word' id='word_1_107' title='bbox 677 1831 746 1906; x_wconf 88' lang='lat' dir='ltr'><strong>ipsis</strong></span> <span class='ocrx_word' id='word_1_108' title='bbox 774 1831 798 1887; x_wconf 88' lang='lat' dir='ltr'><strong>si</strong></span> <span class='ocrx_word' id='word_1_109' title='bbox 827 1831 942 1905; x_wconf 87' lang='lat' dir='ltr'><strong>penitus</strong></span> <span class='ocrx_word' id='word_1_110' title='bbox 971 1847 1073 1887; x_wconf 84' lang='lat' dir='ltr'><strong>oormn</strong></span> <span class='ocrx_word' id='word_1_111' title='bbox 1102 1828 1267 1904; x_wconf 73' lang='lat' dir='ltr'><strong>sumptibus</strong></span> <span class='ocrx_word' id='word_1_112' title='bbox 1296 1829 1438 1899; x_wconf 80' lang='lat' dir='ltr'><strong>alon-tur,</strong></span> <span class='ocrx_word' id='word_1_113' title='bbox 1469 1834 1515 1893; x_wconf 85' lang='lat' dir='ltr'><strong>dio</strong></span> <span class='ocrx_word' id='word_1_114' title='bbox 1538 1845 1685 1900; x_wconf 70' lang='lat' dir='ltr'><strong>arnosto</strong></span> 
     </span>
     <span class='ocr_line' id='line_1_12' title="bbox 399 1930 1685 2007; baseline 0.008 -19"><span class='ocrx_word' id='word_1_115' title='bbox 399 1950 464 2007; x_wconf 89' lang='lat' dir='ltr'><strong>opus</strong></span> <span class='ocrx_word' id='word_1_116' title='bbox 486 1933 605 1990; x_wconf 74' lang='lat' dir='ltr'><strong>int-arim</strong></span> <span class='ocrx_word' id='word_1_117' title='bbox 629 1932 731 1990; x_wconf 85' lang='lat' dir='ltr'><strong>locisso</strong></span> <span class='ocrx_word' id='word_1_118' title='bbox 754 1950 786 1989; x_wconf 88' lang='lat' dir='ltr'><strong>so</strong></span> <span class='ocrx_word' id='word_1_119' title='bbox 809 1930 924 1998; x_wconf 84' lang='lat' dir='ltr'><strong>scribit;</strong></span> <span class='ocrx_word' id='word_1_120' title='bbox 959 1938 1046 2007; x_wconf 84' lang='lat' dir='ltr'><strong>atquo</strong></span> <span class='ocrx_word' id='word_1_121' title='bbox 1068 1931 1093 1988; x_wconf 90' lang='lat' dir='ltr'><strong>is</strong></span> <span class='ocrx_word' id='word_1_122' title='bbox 1116 1932 1284 2007; x_wconf 80' lang='lat' dir='ltr'><strong>qrrasi&#39;ritao</strong></span> <span class='ocrx_word' id='word_1_123' title='bbox 1307 1934 1449 1993; x_wconf 79' lang='lat' dir='ltr'><strong>rationem</strong></span> <span class='ocrx_word' id='word_1_124' title='bbox 1472 1954 1532 1995; x_wconf 81' lang='lat' dir='ltr'><strong>suae</strong></span> <span class='ocrx_word' id='word_1_125' title='bbox 1559 1939 1685 1998; x_wconf 82' lang='lat' dir='ltr'><strong>roddens</strong></span> 
     </span>
     <span class='ocr_line' id='line_1_13' title="bbox 399 2033 1684 2112; baseline 0.009 -25"><span class='ocrx_word' id='word_1_126' title='bbox 399 2035 561 2092; x_wconf 69' lang='lat' dir='ltr'><strong>tistitiratur</strong></span> <span class='ocrx_word' id='word_1_127' title='bbox 585 2033 817 2091; x_wconf 78' lang='lat' dir='ltr'><strong>axlrortatiouam</strong></span> <span class='ocrx_word' id='word_1_128' title='bbox 840 2050 921 2091; x_wconf 92' lang='lat' dir='ltr'><strong>suam</strong></span> <span class='ocrx_word' id='word_1_129' title='bbox 945 2051 1004 2091; x_wconf 94' lang='lat' dir='ltr'><strong>non</strong></span> <span class='ocrx_word' id='word_1_130' title='bbox 1028 2033 1116 2090; x_wconf 84' lang='lat' dir='ltr'><strong>inissa</strong></span> <span class='ocrx_word' id='word_1_131' title='bbox 1140 2052 1176 2091; x_wconf 88' lang='lat' dir='ltr'><strong>ox</strong></span> <span class='ocrx_word' id='word_1_132' title='bbox 1200 2035 1359 2109; x_wconf 73' lang='lat' dir='ltr'><strong>impostura</strong></span> <span class='ocrx_word' id='word_1_133' title='bbox 1382 2049 1478 2112; x_wconf 78' lang='lat' dir='ltr'><strong>noque</strong></span> <span class='ocrx_word' id='word_1_134' title='bbox 1501 2058 1535 2096; x_wconf 81' lang='lat' dir='ltr'><strong>ox</strong></span> <span class='ocrx_word' id='word_1_135' title='bbox 1560 2040 1684 2099; x_wconf 91' lang='lat' dir='ltr'><strong>immuu-</strong></span> 
     </span>
     <span class='ocr_line' id='line_1_14' title="bbox 398 2132 1684 2218; baseline 0.009 -29"><span class='ocrx_word' id='word_1_136' title='bbox 398 2132 456 2193; x_wconf 91' lang='lat' dir='ltr'><strong>ditia</strong></span> <span class='ocrx_word' id='word_1_137' title='bbox 479 2142 531 2194; x_wconf 89' lang='lat' dir='ltr'><strong>ant</strong></span> <span class='ocrx_word' id='word_1_138' title='bbox 553 2153 619 2194; x_wconf 84' lang='lat' dir='ltr'><strong>oum</strong></span> <span class='ocrx_word' id='word_1_139' title='bbox 642 2134 725 2203; x_wconf 91' lang='lat' dir='ltr'><strong>dolo,</strong></span> <span class='ocrx_word' id='word_1_140' title='bbox 755 2152 850 2211; x_wconf 75' lang='lat' dir='ltr'><strong>noque</strong></span> <span class='ocrx_word' id='word_1_141' title='bbox 879 2133 1060 2210; x_wconf 79' lang='lat' dir='ltr'><strong>orangelinm</strong></span> <span class='ocrx_word' id='word_1_142' title='bbox 1089 2134 1295 2209; x_wconf 73' lang='lat' dir='ltr'><strong>pradicantom</strong></span> <span class='ocrx_word' id='word_1_143' title='bbox 1319 2154 1350 2194; x_wconf 84' lang='lat' dir='ltr'><strong>so</strong></span> <span class='ocrx_word' id='word_1_144' title='bbox 1373 2139 1538 2213; x_wconf 73' lang='lat' dir='ltr'><strong>quasirisso</strong></span> <span class='ocrx_word' id='word_1_145' title='bbox 1566 2147 1597 2199; x_wconf 93' lang='lat' dir='ltr'><strong>ut</strong></span> <span class='ocrx_word' id='word_1_146' title='bbox 1622 2140 1684 2218; x_wconf 91' lang='lat' dir='ltr'><strong>pla·</strong></span> 
     </span>
     <span class='ocr_line' id='line_1_15' title="bbox 396 2234 1685 2312; baseline 0.009 -23"><span class='ocrx_word' id='word_1_147' title='bbox 396 2244 467 2295; x_wconf 79' lang='lat' dir='ltr'><strong>rarot</strong></span> <span class='ocrx_word' id='word_1_148' title='bbox 492 2235 660 2295; x_wconf 90' lang='lat' dir='ltr'><strong>bominibus</strong></span> <span class='ocrx_word' id='word_1_149' title='bbox 682 2234 733 2293; x_wconf 81' lang='lat' dir='ltr'><strong>sod</strong></span> <span class='ocrx_word' id='word_1_150' title='bbox 756 2243 788 2294; x_wconf 87' lang='lat' dir='ltr'><strong>ut.</strong></span> <span class='ocrx_word' id='word_1_151' title='bbox 810 2235 880 2302; x_wconf 79' lang='lat' dir='ltr'><strong>(loo,</strong></span> <span class='ocrx_word' id='word_1_152' title='bbox 911 2242 998 2312; x_wconf 85' lang='lat' dir='ltr'><strong>atquo</strong></span> <span class='ocrx_word' id='word_1_153' title='bbox 1026 2237 1115 2311; x_wconf 88' lang='lat' dir='ltr'><strong>igitur</strong></span> <span class='ocrx_word' id='word_1_154' title='bbox 1145 2235 1214 2295; x_wconf 88' lang='lat' dir='ltr'><strong>nibil</strong></span> <span class='ocrx_word' id='word_1_155' title='bbox 1244 2237 1340 2294; x_wconf 88' lang='lat' dir='ltr'><strong>studio</strong></span> <span class='ocrx_word' id='word_1_156' title='bbox 1368 2240 1493 2297; x_wconf 76' lang='lat' dir='ltr'><strong>avaritia</strong></span> <span class='ocrx_word' id='word_1_157' title='bbox 1520 2241 1562 2299; x_wconf 84' lang='lat' dir='ltr'><strong>rol</strong></span> <span class='ocrx_word' id='word_1_158' title='bbox 1592 2244 1685 2302; x_wconf 90' lang='lat' dir='ltr'><strong>inanis</strong></span> 
     </span>
     <span class='ocr_line' id='line_1_16' title="bbox 356 2318 1683 2413; baseline 0.007 -19"><span class='ocrx_word' id='word_1_159' title='bbox 356 2336 490 2408; x_wconf 65' lang='lat' dir='ltr'><strong>¹igloriaa</strong></span> <span class='ocrx_word' id='word_1_160' title='bbox 514 2338 679 2409; x_wconf 77' lang='lat' dir='ltr'><strong>admisisso.</strong></span> <span class='ocrx_word' id='word_1_161' title='bbox 704 2355 795 2395; x_wconf 80' lang='lat' dir='ltr'><strong>arnum</strong></span> <span class='ocrx_word' id='word_1_162' title='bbox 819 2336 967 2395; x_wconf 75' lang='lat' dir='ltr'><strong>laborasse</strong></span> <span class='ocrx_word' id='word_1_163' title='bbox 991 2343 1022 2396; x_wconf 93' lang='lat' dir='ltr'><strong>ut</strong></span> <span class='ocrx_word' id='word_1_164' title='bbox 1044 2318 1161 2413; x_wconf 87' lang='lat' dir='ltr'><strong>optimis</strong></span> <span class='ocrx_word' id='word_1_165' title='bbox 1184 2357 1234 2396; x_wconf 81' lang='lat' dir='ltr'><strong>eos</strong></span> <span class='ocrx_word' id='word_1_166' title='bbox 1256 2337 1396 2399; x_wconf 82' lang='lat' dir='ltr'><strong>doctrinis</strong></span> <span class='ocrx_word' id='word_1_167' title='bbox 1412 2346 1440 2399; x_wconf 83' lang='lat' dir='ltr'><strong>at</strong></span> <span class='ocrx_word' id='word_1_168' title='bbox 1455 2342 1683 2404; x_wconf 79' lang='lat' dir='ltr'><strong>institutionibus</strong></span> 
     </span>
     <span class='ocr_line' id='line_1_17' title="bbox 384 2434 1750 2518; baseline 0.007 -23"><span class='ocrx_word' id='word_1_169' title='bbox 384 2434 500 2499; x_wconf 69' lang='lat' dir='ltr'><strong>toi-erat</strong></span> <span class='ocrx_word' id='word_1_170' title='bbox 531 2446 559 2497; x_wconf 84' lang='lat' dir='ltr'><strong>at</strong></span> <span class='ocrx_word' id='word_1_171' title='bbox 588 2439 755 2498; x_wconf 70' lang='lat' dir='ltr'><strong>anrrtrirob</strong></span> <span class='ocrx_word' id='word_1_172' title='bbox 783 2437 852 2496; x_wconf 78' lang='lat' dir='ltr'><strong>&#39;l&#39;alo</strong></span> <span class='ocrx_word' id='word_1_173' title='bbox 881 2439 1028 2516; x_wconf 86' lang='lat' dir='ltr'><strong>quippiam</strong></span> <span class='ocrx_word' id='word_1_174' title='bbox 1059 2458 1109 2495; x_wconf 87' lang='lat' dir='ltr'><strong>ros</strong></span> <span class='ocrx_word' id='word_1_175' title='bbox 1138 2440 1236 2513; x_wconf 63' lang='lat' dir='ltr'><strong>agitis</strong></span> <span class='ocrx_word' id='word_1_176' title='bbox 1267 2449 1315 2498; x_wconf 90' lang='lat' dir='ltr'><strong>aut</strong></span> <span class='ocrx_word' id='word_1_177' title='bbox 1338 2461 1406 2500; x_wconf 75' lang='lat' dir='ltr'><strong>antu</strong></span> <span class='ocrx_word' id='word_1_178' title='bbox 1429 2460 1486 2500; x_wconf 91' lang='lat' dir='ltr'><strong>nou</strong></span> <span class='ocrx_word' id='word_1_179' title='bbox 1510 2462 1599 2518; x_wconf 79' lang='lat' dir='ltr'><strong>agore</strong></span> <span class='ocrx_word' id='word_1_180' title='bbox 1621 2456 1750 2513; x_wconf 68' lang='lat' dir='ltr'><strong>rost-tt·</strong></span> 
     </span>
     <span class='ocr_line' id='line_1_18' title="bbox 379 2540 1681 2619; baseline 0.008 -22"><span class='ocrx_word' id='word_1_181' title='bbox 379 2542 437 2600; x_wconf 77' lang='lat' dir='ltr'><strong>sod</strong></span> <span class='ocrx_word' id='word_1_182' title='bbox 462 2562 498 2600; x_wconf 81' lang='lat' dir='ltr'><strong>ox</strong></span> <span class='ocrx_word' id='word_1_183' title='bbox 523 2548 585 2599; x_wconf 91' lang='lat' dir='ltr'><strong>toto</strong></span> <span class='ocrx_word' id='word_1_184' title='bbox 608 2545 708 2598; x_wconf 83' lang='lat' dir='ltr'><strong>contra</strong></span> <span class='ocrx_word' id='word_1_185' title='bbox 732 2540 824 2598; x_wconf 85' lang='lat' dir='ltr'><strong>laotos</strong></span> <span class='ocrx_word' id='word_1_186' title='bbox 846 2545 933 2616; x_wconf 88' lang='lat' dir='ltr'><strong>atquo</strong></span> <span class='ocrx_word' id='word_1_187' title='bbox 956 2546 1039 2615; x_wconf 91' lang='lat' dir='ltr'><strong>aptos</strong></span> <span class='ocrx_word' id='word_1_188' title='bbox 1061 2541 1172 2606; x_wconf 80' lang='lat' dir='ltr'><strong>sciatis,</strong></span> <span class='ocrx_word' id='word_1_189' title='bbox 1197 2547 1292 2599; x_wconf 83' lang='lat' dir='ltr'><strong>tauma</strong></span> <span class='ocrx_word' id='word_1_190' title='bbox 1317 2544 1345 2601; x_wconf 92' lang='lat' dir='ltr'><strong>in</strong></span> <span class='ocrx_word' id='word_1_191' title='bbox 1369 2544 1569 2619; x_wconf 89' lang='lat' dir='ltr'><strong>apostolorum</strong></span> <span class='ocrx_word' id='word_1_192' title='bbox 1585 2545 1681 2607; x_wconf 86' lang='lat' dir='ltr'><strong>locum</strong></span> 
     </span>
     <span class='ocr_line' id='line_1_19' title="bbox 370 2640 1682 2721; baseline 0.005 -20"><span class='ocrx_word' id='word_1_193' title='bbox 370 2644 501 2709; x_wconf 77' lang='lat' dir='ltr'><strong>audeus</strong></span> <span class='ocrx_word' id='word_1_194' title='bbox 524 2641 698 2708; x_wconf 77' lang='lat' dir='ltr'><strong>succedero,</strong></span> <span class='ocrx_word' id='word_1_195' title='bbox 723 2649 809 2718; x_wconf 88' lang='lat' dir='ltr'><strong>atquo</strong></span> <span class='ocrx_word' id='word_1_196' title='bbox 833 2640 888 2699; x_wconf 82' lang='lat' dir='ltr'><strong>boa</strong></span> <span class='ocrx_word' id='word_1_197' title='bbox 911 2647 1054 2719; x_wconf 78' lang='lat' dir='ltr'><strong>praetortu</strong></span> <span class='ocrx_word' id='word_1_198' title='bbox 1077 2642 1287 2709; x_wconf 68' lang='lat' dir='ltr'><strong>immaritatas,</strong></span> <span class='ocrx_word' id='word_1_199' title='bbox 1312 2644 1460 2721; x_wconf 81' lang='lat' dir='ltr'><strong>pririlogia</strong></span> <span class='ocrx_word' id='word_1_200' title='bbox 1477 2651 1504 2704; x_wconf 87' lang='lat' dir='ltr'><strong>ot</strong></span> <span class='ocrx_word' id='word_1_201' title='bbox 1520 2645 1682 2708; x_wconf 80' lang='lat' dir='ltr'><strong>libertatem</strong></span> 
     </span>
     <span class='ocr_line' id='line_1_20' title="bbox 340 2741 1682 2827; baseline 0.005 -24"><span class='ocrx_word' id='word_1_202' title='bbox 340 2759 475 2818; x_wconf 77' lang='lat' dir='ltr'><strong>-quam</strong></span> <span class='ocrx_word' id='word_1_203' title='bbox 505 2741 778 2827; x_wconf 82' lang='lat' dir='ltr'><strong>nullarospubliaa</strong></span> <span class='ocrx_word' id='word_1_204' title='bbox 807 2742 885 2801; x_wconf 84' lang='lat' dir='ltr'><strong>lrrro</strong></span> <span class='ocrx_word' id='word_1_205' title='bbox 913 2743 1017 2818; x_wconf 87' lang='lat' dir='ltr'><strong>possit,</strong></span> <span class='ocrx_word' id='word_1_206' title='bbox 1049 2743 1225 2801; x_wconf 77' lang='lat' dir='ltr'><strong>vondioatis‘?</strong></span> <span class='ocrx_word' id='word_1_207' title='bbox 1262 2743 1365 2805; x_wconf 85' lang='lat' dir='ltr'><strong>(lunda</strong></span> <span class='ocrx_word' id='word_1_208' title='bbox 1399 2748 1427 2805; x_wconf 91' lang='lat' dir='ltr'><strong>iu</strong></span> <span class='ocrx_word' id='word_1_209' title='bbox 1460 2766 1562 2807; x_wconf 76' lang='lat' dir='ltr'><strong>omnus</strong></span> <span class='ocrx_word' id='word_1_210' title='bbox 1595 2749 1682 2810; x_wconf 83' lang='lat' dir='ltr'><strong>lirare</strong></span> 
     </span>
     <span class='ocr_line' id='line_1_21' title="bbox 324 2836 1680 2929; baseline 0.006 -25"><span class='ocrx_word' id='word_1_211' title='bbox 324 2836 344 2879; x_wconf 66' lang='lat'><strong>²⁰</strong></span> <span class='ocrx_word' id='word_1_212' title='bbox 360 2847 470 2904; x_wconf 70' lang='lat' dir='ltr'><strong>vonis</strong></span> <span class='ocrx_word' id='word_1_213' title='bbox 495 2845 596 2911; x_wconf 64' lang='lat' dir='ltr'><strong>vultis</strong></span> <span class='ocrx_word' id='word_1_214' title='bbox 620 2845 649 2902; x_wconf 92' lang='lat' dir='ltr'><strong>in</strong></span> <span class='ocrx_word' id='word_1_215' title='bbox 672 2863 723 2901; x_wconf 88' lang='lat' dir='ltr'><strong>ros</strong></span> <span class='ocrx_word' id='word_1_216' title='bbox 745 2845 853 2903; x_wconf 80' lang='lat' dir='ltr'><strong>nrnrini</strong></span> <span class='ocrx_word' id='word_1_217' title='bbox 877 2843 1053 2920; x_wconf 79' lang='lat' dir='ltr'><strong>quioquam‘t</strong></span> <span class='ocrx_word' id='word_1_218' title='bbox 1086 2843 1156 2912; x_wconf 78' lang='lat' dir='ltr'><strong>Quis</strong></span> <span class='ocrx_word' id='word_1_219' title='bbox 1180 2845 1284 2904; x_wconf 92' lang='lat' dir='ltr'><strong>modus</strong></span> <span class='ocrx_word' id='word_1_220' title='bbox 1306 2847 1498 2929; x_wconf 81' lang='lat' dir='ltr'><strong>indignitatis,</strong></span> <span class='ocrx_word' id='word_1_221' title='bbox 1523 2858 1572 2909; x_wconf 90' lang='lat' dir='ltr'><strong>aut</strong></span> <span class='ocrx_word' id='word_1_222' title='bbox 1594 2871 1680 2929; x_wconf 82' lang='lat' dir='ltr'><strong>qttom</strong></span> 
     </span>
     <span class='ocr_line' id='line_1_22' title="bbox 307 2936 1748 3023; baseline 0.003 -18"><span class='ocrx_word' id='word_1_223' title='bbox 307 2936 329 2981; x_wconf 65' lang='lat' dir='ltr'><strong>ff</strong></span> <span class='ocrx_word' id='word_1_224' title='bbox 376 2939 394 3022; x_wconf 84' lang='grc' dir='ltr'>Ι</span> <span class='ocrx_word' id='word_1_225' title='bbox 438 2946 721 3023; x_wconf 73' lang='lat' dir='ltr'><strong>impotentimbnom</strong></span> <span class='ocrx_word' id='word_1_226' title='bbox 743 2945 892 3004; x_wconf 80' lang='lat' dir='ltr'><strong>statuatis?</strong></span> <span class='ocrx_word' id='word_1_227' title='bbox 927 2944 1070 3022; x_wconf 79' lang='lat' dir='ltr'><strong>l‘roripitu</strong></span> <span class='ocrx_word' id='word_1_228' title='bbox 1087 2964 1102 3003; x_wconf 89' lang='lat' dir='ltr'><strong>a</strong></span> <span class='ocrx_word' id='word_1_229' title='bbox 1120 2947 1282 3021; x_wconf 89' lang='lat' dir='ltr'><strong>purissimis</strong></span> <span class='ocrx_word' id='word_1_230' title='bbox 1299 2948 1427 3007; x_wconf 87' lang='lat' dir='ltr'><strong>lontibus</strong></span> <span class='ocrx_word' id='word_1_231' title='bbox 1450 2971 1514 3017; x_wconf 86' lang='lat' dir='ltr'><strong>ros,</strong></span> <span class='ocrx_word' id='word_1_232' title='bbox 1539 2953 1748 3014; x_wconf 77' lang='lat' dir='ltr'><strong>innnnndiao.</strong></span> 
     </span>
     <span class='ocr_line' id='line_1_23' title="bbox 345 3046 1682 3127; baseline 0.006 -21"><span class='ocrx_word' id='word_1_233' title='bbox 345 3051 484 3115; x_wconf 70' lang='lat' dir='ltr'><strong>porci:</strong></span> <span class='ocrx_word' id='word_1_234' title='bbox 526 3047 657 3106; x_wconf 77' lang='lat' dir='ltr'><strong>exaudite</strong></span> <span class='ocrx_word' id='word_1_235' title='bbox 684 3048 775 3104; x_wconf 87' lang='lat' dir='ltr'><strong>sarris</strong></span> <span class='ocrx_word' id='word_1_236' title='bbox 803 3047 906 3123; x_wconf 71' lang='lat' dir='ltr'><strong>atlptis</strong></span> <span class='ocrx_word' id='word_1_237' title='bbox 941 3046 1055 3105; x_wconf 73' lang='lat' dir='ltr'><strong>scolasti</strong></span> <span class='ocrx_word' id='word_1_238' title='bbox 1083 3049 1302 3123; x_wconf 62' lang='lat' dir='ltr'><strong>negotiatorum</strong></span> <span class='ocrx_word' id='word_1_239' title='bbox 1341 3068 1377 3106; x_wconf 86' lang='lat' dir='ltr'><strong>no</strong></span> <span class='ocrx_word' id='word_1_240' title='bbox 1406 3055 1514 3127; x_wconf 87' lang='lat' dir='ltr'><strong>tangito</strong></span> <span class='ocrx_word' id='word_1_241' title='bbox 1548 3055 1682 3116; x_wconf 89' lang='lat' dir='ltr'><strong>manibus</strong></span> 
     </span>
     <span class='ocr_line' id='line_1_24' title="bbox 344 3146 1682 3230; baseline 0.008 -26"><span class='ocrx_word' id='word_1_242' title='bbox 344 3146 473 3209; x_wconf 74' lang='lat' dir='ltr'><strong>tonos</strong></span> <span class='ocrx_word' id='word_1_243' title='bbox 496 3148 615 3225; x_wconf 90' lang='lat' dir='ltr'><strong>pollutis</strong></span> <span class='ocrx_word' id='word_1_244' title='bbox 637 3166 719 3206; x_wconf 85' lang='lat' dir='ltr'><strong>saara</strong></span> <span class='ocrx_word' id='word_1_245' title='bbox 744 3148 857 3207; x_wconf 87' lang='lat' dir='ltr'><strong>altaria!</strong></span> <span class='ocrx_word' id='word_1_246' title='bbox 887 3166 954 3206; x_wconf 91' lang='lat' dir='ltr'><strong>nam</strong></span> <span class='ocrx_word' id='word_1_247' title='bbox 978 3148 1046 3224; x_wconf 88' lang='lat' dir='ltr'><strong>quid</strong></span> <span class='ocrx_word' id='word_1_248' title='bbox 1071 3166 1139 3206; x_wconf 86' lang='lat' dir='ltr'><strong>oum</strong></span> <span class='ocrx_word' id='word_1_249' title='bbox 1163 3148 1279 3209; x_wconf 72' lang='lat' dir='ltr'><strong>tlbristo</strong></span> <span class='ocrx_word' id='word_1_250' title='bbox 1302 3150 1421 3209; x_wconf 92' lang='lat' dir='ltr'><strong>domino</strong></span> <span class='ocrx_word' id='word_1_251' title='bbox 1437 3152 1518 3211; x_wconf 85' lang='lat' dir='ltr'><strong>robis</strong></span> <span class='ocrx_word' id='word_1_252' title='bbox 1535 3156 1583 3230; x_wconf 79' lang='lat' dir='ltr'><strong>qui</strong></span> <span class='ocrx_word' id='word_1_253' title='bbox 1606 3159 1682 3215; x_wconf 81' lang='lat' dir='ltr'><strong>sarri</strong></span> 
     </span>
     <span class='ocr_line' id='line_1_25' title="bbox 341 3241 1681 3331; baseline 0.004 -23"><span class='ocrx_word' id='word_1_254' title='bbox 341 3241 454 3309; x_wconf 78' lang='lat' dir='ltr'><strong>fani</strong></span> <span class='ocrx_word' id='word_1_255' title='bbox 478 3252 548 3309; x_wconf 75' lang='lat' dir='ltr'><strong>ostis</strong></span> <span class='ocrx_word' id='word_1_256' title='bbox 565 3249 736 3308; x_wconf 75' lang='lat' dir='ltr'><strong>blamnmna</strong></span> <span class='ocrx_word' id='word_1_257' title='bbox 758 3249 933 3326; x_wconf 78' lang='lat' dir='ltr'><strong>iniquitatis?</strong></span> <span class='ocrx_word' id='word_1_258' title='bbox 961 3249 1123 3328; x_wconf 72' lang='lat' dir='ltr'><strong>secundum</strong></span> <span class='ocrx_word' id='word_1_259' title='bbox 1148 3268 1266 3309; x_wconf 78' lang='lat' dir='ltr'><strong>naniam</strong></span> <span class='ocrx_word' id='word_1_260' title='bbox 1290 3252 1373 3317; x_wconf 84' lang='lat' dir='ltr'><strong>ostis,</strong></span> <span class='ocrx_word' id='word_1_261' title='bbox 1398 3261 1484 3329; x_wconf 87' lang='lat' dir='ltr'><strong>atquo</strong></span> <span class='ocrx_word' id='word_1_262' title='bbox 1507 3255 1594 3329; x_wconf 83' lang='lat' dir='ltr'><strong>igitur</strong></span> <span class='ocrx_word' id='word_1_263' title='bbox 1617 3275 1681 3331; x_wconf 79' lang='lat' dir='ltr'><strong>quau</strong></span> 
     </span>
     <span class='ocr_line' id='line_1_26' title="bbox 290 3330 1680 3427; baseline 0.003 -18"><span class='ocrx_word' id='word_1_264' title='bbox 290 3346 316 3385; x_wconf 70' lang='lat'><strong>²⁵</strong></span> <span class='ocrx_word' id='word_1_265' title='bbox 340 3355 484 3411; x_wconf 65' lang='lat' dir='ltr'><strong>varnis</strong></span> <span class='ocrx_word' id='word_1_266' title='bbox 506 3358 576 3409; x_wconf 92' lang='lat' dir='ltr'><strong>suut</strong></span> <span class='ocrx_word' id='word_1_267' title='bbox 598 3352 711 3426; x_wconf 80' lang='lat' dir='ltr'><strong>sapitis3</strong></span> <span class='ocrx_word' id='word_1_268' title='bbox 745 3350 803 3409; x_wconf 85' lang='lat' dir='ltr'><strong>bun</strong></span> <span class='ocrx_word' id='word_1_269' title='bbox 831 3330 995 3426; x_wconf 66' lang='lat' dir='ltr'><strong>spiritualis</strong></span> <span class='ocrx_word' id='word_1_270' title='bbox 1024 3350 1171 3414; x_wconf 77' lang='lat' dir='ltr'><strong>bombus,</strong></span> <span class='ocrx_word' id='word_1_271' title='bbox 1202 3353 1250 3426; x_wconf 85' lang='lat' dir='ltr'><strong>qni</strong></span> <span class='ocrx_word' id='word_1_272' title='bbox 1280 3370 1345 3427; x_wconf 73' lang='lat' dir='ltr'><strong>quas</strong></span> <span class='ocrx_word' id='word_1_273' title='bbox 1373 3353 1491 3427; x_wconf 88' lang='lat' dir='ltr'><strong>spiritus</strong></span> <span class='ocrx_word' id='word_1_274' title='bbox 1519 3361 1587 3412; x_wconf 88' lang='lat' dir='ltr'><strong>suut</strong></span> <span class='ocrx_word' id='word_1_275' title='bbox 1614 3374 1680 3414; x_wconf 76' lang='lat' dir='ltr'><strong>son-</strong></span> 
     </span>
     <span class='ocr_line' id='line_1_27' title="bbox 337 3450 1747 3529; baseline 0.004 -23"><span class='ocrx_word' id='word_1_276' title='bbox 337 3450 360 3497; x_wconf 72' lang='lat'><em>¹</em></span> <span class='ocrx_word' id='word_1_277' title='bbox 376 3451 474 3521; x_wconf 76' lang='lat' dir='ltr'><strong>iant,</strong></span> <span class='ocrx_word' id='word_1_278' title='bbox 499 3460 682 3529; x_wconf 78' lang='lat' dir='ltr'><strong>qnmruntur.</strong></span> <span class='ocrx_word' id='word_1_279' title='bbox 729 3458 815 3528; x_wconf 80' lang='lat' dir='ltr'><strong>atquo</strong></span> <span class='ocrx_word' id='word_1_280' title='bbox 838 3453 926 3527; x_wconf 85' lang='lat' dir='ltr'><strong>igitur</strong></span> <span class='ocrx_word' id='word_1_281' title='bbox 949 3451 1018 3527; x_wconf 83' lang='lat' dir='ltr'><strong>quid</strong></span> <span class='ocrx_word' id='word_1_282' title='bbox 1042 3450 1124 3509; x_wconf 85' lang='lat' dir='ltr'><strong>robis</strong></span> <span class='ocrx_word' id='word_1_283' title='bbox 1147 3469 1213 3510; x_wconf 80' lang='lat' dir='ltr'><strong>rum</strong></span> <span class='ocrx_word' id='word_1_284' title='bbox 1242 3451 1425 3529; x_wconf 80' lang='lat' dir='ltr'><strong>alamnosyna</strong></span> <span class='ocrx_word' id='word_1_285' title='bbox 1448 3462 1602 3529; x_wconf 76' lang='lat' dir='ltr'><strong>parantum</strong></span> <span class='ocrx_word' id='word_1_286' title='bbox 1627 3466 1747 3515; x_wconf 65' lang='lat' dir='ltr'><strong>noum.</strong></span> 
     </span>
     <span class='ocr_line' id='line_1_28' title="bbox 336 3552 1680 3630; baseline 0.004 -20"><span class='ocrx_word' id='word_1_287' title='bbox 336 3560 532 3619; x_wconf 60' lang='lat' dir='ltr'><strong>suorum»,</strong></span> <span class='ocrx_word' id='word_1_288' title='bbox 557 3571 643 3630; x_wconf 82' lang='lat' dir='ltr'><strong>quam</strong></span> <span class='ocrx_word' id='word_1_289' title='bbox 668 3555 696 3611; x_wconf 91' lang='lat' dir='ltr'><strong>in</strong></span> <span class='ocrx_word' id='word_1_290' title='bbox 718 3571 863 3630; x_wconf 82' lang='lat' dir='ltr'><strong>pauporos</strong></span> <span class='ocrx_word' id='word_1_291' title='bbox 879 3553 985 3612; x_wconf 80' lang='lat' dir='ltr'><strong>Christi</strong></span> <span class='ocrx_word' id='word_1_292' title='bbox 1008 3552 1187 3627; x_wconf 69' lang='lat' dir='ltr'><strong>erogandam</strong></span> <span class='ocrx_word' id='word_1_293' title='bbox 1210 3552 1249 3612; x_wconf 91' lang='lat' dir='ltr'><strong>illi</strong></span> <span class='ocrx_word' id='word_1_294' title='bbox 1274 3562 1496 3623; x_wconf 56' lang='lat' dir='ltr'><strong>(tortuosorum,</strong></span> <span class='ocrx_word' id='word_1_295' title='bbox 1521 3557 1680 3616; x_wconf 79' lang='lat' dir='ltr'><strong>etidcirco</strong></span> 
     </span>
     <span class='ocr_line' id='line_1_29' title="bbox 341 3653 1680 3734; baseline 0.003 -22"><span class='ocrx_word' id='word_1_296' title='bbox 341 3657 422 3714; x_wconf 60' lang='lat' dir='ltr'><strong>ad</strong></span> <span class='ocrx_word' id='word_1_297' title='bbox 452 3654 591 3715; x_wconf 75' lang='lat' dir='ltr'><strong>aeclesias</strong></span> <span class='ocrx_word' id='word_1_298' title='bbox 619 3655 805 3714; x_wconf 68' lang='lat' dir='ltr'><strong>coniuratos</strong></span> <span class='ocrx_word' id='word_1_299' title='bbox 833 3654 992 3713; x_wconf 77' lang='lat' dir='ltr'><strong>lauradibus</strong></span> <span class='ocrx_word' id='word_1_300' title='bbox 1021 3653 1106 3713; x_wconf 86' lang='lat' dir='ltr'><strong>uobis</strong></span> <span class='ocrx_word' id='word_1_301' title='bbox 1135 3655 1324 3716; x_wconf 78' lang='lat' dir='ltr'><strong>adammunt‘?</strong></span> <span class='ocrx_word' id='word_1_302' title='bbox 1357 3658 1425 3733; x_wconf 86' lang='lat' dir='ltr'><strong>quid</strong></span> <span class='ocrx_word' id='word_1_303' title='bbox 1453 3657 1488 3716; x_wconf 92' lang='lat' dir='ltr'><strong>ad</strong></span> <span class='ocrx_word' id='word_1_304' title='bbox 1520 3659 1583 3734; x_wconf 88' lang='lat' dir='ltr'><strong>pios</strong></span> <span class='ocrx_word' id='word_1_305' title='bbox 1611 3678 1680 3717; x_wconf 87' lang='lat' dir='ltr'><strong>usus</strong></span> 
     </span>
     <span class='ocr_line' id='line_1_30' title="bbox 345 3746 1677 3835; baseline 0.003 -20"><span class='ocrx_word' id='word_1_306' title='bbox 345 3756 561 3816; x_wconf 73' lang='lat' dir='ltr'><strong>contributis</strong></span> <span class='ocrx_word' id='word_1_307' title='bbox 583 3757 618 3815; x_wconf 94' lang='lat' dir='ltr'><strong>ad</strong></span> <span class='ocrx_word' id='word_1_308' title='bbox 642 3756 806 3833; x_wconf 81' lang='lat' dir='ltr'><strong>crapulam,</strong></span> <span class='ocrx_word' id='word_1_309' title='bbox 831 3757 1052 3824; x_wconf 70' lang='lat' dir='ltr'><strong>scortationem,</strong></span> <span class='ocrx_word' id='word_1_310' title='bbox 1080 3756 1187 3815; x_wconf 87' lang='lat' dir='ltr'><strong>lustum</strong></span> <span class='ocrx_word' id='word_1_311' title='bbox 1210 3763 1238 3814; x_wconf 87' lang='lat' dir='ltr'><strong>ot</strong></span> <span class='ocrx_word' id='word_1_312' title='bbox 1261 3775 1397 3835; x_wconf 89' lang='lat' dir='ltr'><strong>pompam</strong></span> <span class='ocrx_word' id='word_1_313' title='bbox 1420 3746 1587 3826; x_wconf 83' lang='lat' dir='ltr'><strong>almtirbiui,</strong></span> <span class='ocrx_word' id='word_1_314' title='bbox 1611 3780 1677 3820; x_wconf 88' lang='lat' dir='ltr'><strong>cum</strong></span> 
     </span>
     <span class='ocr_line' id='line_1_31' title="bbox 290 3850 1748 3938; baseline 0.003 -25"><span class='ocrx_word' id='word_1_315' title='bbox 290 3857 320 3895; x_wconf 79' lang='lat'><strong>³⁰</strong></span> <span class='ocrx_word' id='word_1_316' title='bbox 350 3850 503 3938; x_wconf 74' lang='lat' dir='ltr'><strong>iuterim</strong></span> <span class='ocrx_word' id='word_1_317' title='bbox 531 3857 601 3916; x_wconf 88' lang='lat' dir='ltr'><strong>boni</strong></span> <span class='ocrx_word' id='word_1_318' title='bbox 631 3856 713 3916; x_wconf 92' lang='lat' dir='ltr'><strong>multi</strong></span> <span class='ocrx_word' id='word_1_319' title='bbox 736 3864 764 3916; x_wconf 82' lang='lat' dir='ltr'><strong>ot</strong></span> <span class='ocrx_word' id='word_1_320' title='bbox 787 3857 913 3932; x_wconf 78' lang='lat' dir='ltr'><strong>religiosi</strong></span> <span class='ocrx_word' id='word_1_321' title='bbox 937 3858 1070 3917; x_wconf 83' lang='lat' dir='ltr'><strong>bominos</strong></span> <span class='ocrx_word' id='word_1_322' title='bbox 1093 3858 1241 3918; x_wconf 70' lang='lat' dir='ltr'><strong>esuriant?</strong></span> <span class='ocrx_word' id='word_1_323' title='bbox 1275 3859 1343 3935; x_wconf 83' lang='lat' dir='ltr'><strong>quid</strong></span> <span class='ocrx_word' id='word_1_324' title='bbox 1368 3878 1418 3917; x_wconf 85' lang='lat' dir='ltr'><strong>ros</strong></span> <span class='ocrx_word' id='word_1_325' title='bbox 1440 3861 1469 3918; x_wconf 93' lang='lat' dir='ltr'><strong>in</strong></span> <span class='ocrx_word' id='word_1_326' title='bbox 1491 3860 1562 3920; x_wconf 81' lang='lat' dir='ltr'><strong>luxu</strong></span> <span class='ocrx_word' id='word_1_327' title='bbox 1585 3862 1748 3923; x_wconf 74' lang='lat' dir='ltr'><strong>abun-§.tt</strong></span> 
     </span>
     <span class='ocr_line' id='line_1_32' title="bbox 352 3940 1677 4043; baseline 0.006 -28"><span class='ocrx_word' id='word_1_328' title='bbox 352 3940 471 4027; x_wconf 76' lang='lat' dir='ltr'><strong>(latis,</strong></span> <span class='ocrx_word' id='word_1_329' title='bbox 495 3979 564 4019; x_wconf 87' lang='lat' dir='ltr'><strong>oum</strong></span> <span class='ocrx_word' id='word_1_330' title='bbox 588 3958 723 4017; x_wconf 81' lang='lat' dir='ltr'><strong>molioros</strong></span> <span class='ocrx_word' id='word_1_331' title='bbox 746 3958 827 4018; x_wconf 87' lang='lat' dir='ltr'><strong>robis</strong></span> <span class='ocrx_word' id='word_1_332' title='bbox 850 3966 877 4016; x_wconf 84' lang='lat' dir='ltr'><strong>ot</strong></span> <span class='ocrx_word' id='word_1_333' title='bbox 900 3976 973 4035; x_wconf 84' lang='lat' dir='ltr'><strong>qnos</strong></span> <span class='ocrx_word' id='word_1_334' title='bbox 996 3958 1074 4018; x_wconf 85' lang='lat' dir='ltr'><strong>buno</strong></span> <span class='ocrx_word' id='word_1_335' title='bbox 1097 3967 1197 4019; x_wconf 77' lang='lat' dir='ltr'><strong>tonora</strong></span> <span class='ocrx_word' id='word_1_336' title='bbox 1219 3959 1316 4020; x_wconf 78' lang='lat' dir='ltr'><strong>locum</strong></span> <span class='ocrx_word' id='word_1_337' title='bbox 1333 3964 1474 4039; x_wconf 87' lang='lat' dir='ltr'><strong>oportuit,</strong></span> <span class='ocrx_word' id='word_1_338' title='bbox 1500 3963 1575 4023; x_wconf 85' lang='lat' dir='ltr'><strong>larue</strong></span> <span class='ocrx_word' id='word_1_339' title='bbox 1592 3972 1677 4043; x_wconf 84' lang='lat' dir='ltr'><strong>atquo</strong></span> 
     </span>
     <span class='ocr_line' id='line_1_33' title="bbox 357 4060 1676 4138; baseline 0.005 -22"><span class='ocrx_word' id='word_1_340' title='bbox 357 4061 485 4138; x_wconf 65' lang='lat' dir='ltr'><strong>algore</strong></span> <span class='ocrx_word' id='word_1_341' title='bbox 509 4061 718 4119; x_wconf 72' lang='lat' dir='ltr'><strong>coratioiantur‘l</strong></span> <span class='ocrx_word' id='word_1_342' title='bbox 747 4060 815 4136; x_wconf 79' lang='lat' dir='ltr'><strong>qnid</strong></span> <span class='ocrx_word' id='word_1_343' title='bbox 839 4062 993 4136; x_wconf 77' lang='lat' dir='ltr'><strong>prumiam</strong></span> <span class='ocrx_word' id='word_1_344' title='bbox 1018 4060 1147 4120; x_wconf 65' lang='lat' dir='ltr'><strong>adolasia</strong></span> <span class='ocrx_word' id='word_1_345' title='bbox 1163 4079 1250 4137; x_wconf 83' lang='lat' dir='ltr'><strong>quam</strong></span> <span class='ocrx_word' id='word_1_346' title='bbox 1266 4062 1419 4136; x_wconf 77' lang='lat' dir='ltr'><strong>agentibus</strong></span> <span class='ocrx_word' id='word_1_347' title='bbox 1434 4064 1567 4124; x_wconf 84' lang='lat' dir='ltr'><strong>distribui</strong></span> <span class='ocrx_word' id='word_1_348' title='bbox 1584 4067 1676 4133; x_wconf 72' lang='lat' dir='ltr'><strong>derat,</strong></span> 
     </span>
     <span class='ocr_line' id='line_1_34' title="bbox 291 4156 1745 4241; baseline 0.003 -21"><span class='ocrx_word' id='word_1_349' title='bbox 291 4156 339 4205; x_wconf 69' lang='lat'><strong>¹¹¹</strong></span> <span class='ocrx_word' id='word_1_350' title='bbox 405 4162 415 4241; x_wconf 85' lang='grc' dir='ltr'>Ι</span> <span class='ocrx_word' id='word_1_351' title='bbox 439 4164 465 4221; x_wconf 93' lang='lat' dir='ltr'><strong>iu</strong></span> <span class='ocrx_word' id='word_1_352' title='bbox 492 4160 730 4238; x_wconf 90' lang='lat' dir='ltr'><strong>popinationibus</strong></span> <span class='ocrx_word' id='word_1_353' title='bbox 751 4168 780 4219; x_wconf 81' lang='lat' dir='ltr'><strong>ot</strong></span> <span class='ocrx_word' id='word_1_354' title='bbox 801 4163 985 4239; x_wconf 78' lang='lat' dir='ltr'><strong>unquissimis</strong></span> <span class='ocrx_word' id='word_1_355' title='bbox 1006 4163 1141 4239; x_wconf 69' lang='lat' dir='ltr'><strong>nequitiis</strong></span> <span class='ocrx_word' id='word_1_356' title='bbox 1163 4163 1338 4238; x_wconf 80' lang='lat' dir='ltr'><strong>profunditis</strong></span> <span class='ocrx_word' id='word_1_357' title='bbox 1354 4171 1381 4222; x_wconf 82' lang='lat' dir='ltr'><strong>ot</strong></span> <span class='ocrx_word' id='word_1_358' title='bbox 1397 4164 1577 4241; x_wconf 71' lang='lat' dir='ltr'><strong>dilapidatis?</strong></span> <span class='ocrx_word' id='word_1_359' title='bbox 1620 4168 1745 4225; x_wconf 69' lang='lat' dir='ltr'><strong>rosan.</strong></span> 
     </span>
     <span class='ocr_line' id='line_1_35' title="bbox 367 4248 1679 4333; baseline 0.005 -13"><span class='ocrx_word' id='word_1_360' title='bbox 367 4254 548 4321; x_wconf 78' lang='lat' dir='ltr'><strong>Lntborum</strong></span> <span class='ocrx_word' id='word_1_361' title='bbox 572 4262 762 4329; x_wconf 84' lang='lat' dir='ltr'><strong>damnabitis,</strong></span> <span class='ocrx_word' id='word_1_362' title='bbox 793 4248 987 4321; x_wconf 57' lang='lat' dir='ltr'><strong>divinitati}</strong></span> <span class='ocrx_word' id='word_1_363' title='bbox 1016 4263 1256 4323; x_wconf 85' lang='lat' dir='ltr'><strong>adnunciatorem&#39;</strong></span> <span class='ocrx_word' id='word_1_364' title='bbox 1285 4265 1437 4333; x_wconf 80' lang='lat' dir='ltr'><strong>invictum,</strong></span> <span class='ocrx_word' id='word_1_365' title='bbox 1468 4287 1535 4327; x_wconf 85' lang='lat' dir='ltr'><strong>aum</strong></span> <span class='ocrx_word' id='word_1_366' title='bbox 1559 4267 1679 4327; x_wconf 83' lang='lat' dir='ltr'><strong>orabis</strong></span> 
     </span>
    </p>
   </div>
   <div class='ocr_carea' id='block_1_3' title="bbox 372 4391 588 4408">
    <p class='ocr_par' dir='ltr' id='par_1_3' title="bbox 372 4391 588 4408">
     <span class='ocr_line' id='line_1_36' title="bbox 372 4391 588 4408; baseline 0.005 -2"><span class='ocrx_word' id='word_1_367' title='bbox 372 4391 588 4408; x_wconf 31' lang='grc' dir='ltr'><strong>Ἁ-</strong></span> 
     </span>
    </p>
   </div>
   <div class='ocr_carea' id='block_1_4' title="bbox 333 4450 1680 5122">
    <p class='ocr_par' dir='ltr' id='par_1_4' title="bbox 333 4450 1680 5037">
     <span class='ocr_line' id='line_1_37' title="bbox 453 4450 1680 4529; baseline 0.002 -15"><span class='ocrx_word' id='word_1_368' title='bbox 453 4464 601 4515; x_wconf 83' lang='lat' dir='ltr'><strong>¹docuero</strong></span> <span class='ocrx_word' id='word_1_369' title='bbox 621 4469 645 4514; x_wconf 80' lang='grc'><strong>6.</strong></span> <span class='ocrx_word' id='word_1_370' title='bbox 715 4465 825 4514; x_wconf 84' lang='lat' dir='ltr'><strong>scitatis</strong></span> <span class='ocrx_word' id='word_1_371' title='bbox 844 4468 870 4513; x_wconf 81' lang='lat'><strong>2.</strong></span> <span class='ocrx_word' id='word_1_372' title='bbox 940 4463 1135 4529; x_wconf 78' lang='lat' dir='ltr'><strong>²etpessimo</strong></span> <span class='ocrx_word' id='word_1_373' title='bbox 1158 4450 1282 4516; x_wconf 64' lang='lat' dir='ltr'><strong>nrm.</strong></span> <span class='ocrx_word' id='word_1_374' title='bbox 1319 4473 1388 4515; x_wconf 83' lang='lat' dir='ltr'><strong>recte</strong></span> <span class='ocrx_word' id='word_1_375' title='bbox 1408 4472 1563 4517; x_wconf 55' lang='lat' dir='ltr'><strong>atomis&amp;</strong></span> <span class='ocrx_word' id='word_1_376' title='bbox 1583 4471 1680 4517; x_wconf 80' lang='lat' dir='ltr'><strong>nistat</strong></span> 
     </span>
     <span class='ocr_line' id='line_1_38' title="bbox 382 4547 1677 4615; baseline 0.005 -19"><span class='ocrx_word' id='word_1_377' title='bbox 382 4557 497 4612; x_wconf 67' lang='lat' dir='ltr'><strong>repeton⁴</strong></span> <span class='ocrx_word' id='word_1_378' title='bbox 535 4550 751 4615; x_wconf 68' lang='lat' dir='ltr'><strong>³quidqnnmd.</strong></span> <span class='ocrx_word' id='word_1_379' title='bbox 783 4547 944 4599; x_wconf 54' lang='lat' dir='ltr'><strong>*nostrisa</strong></span> <span class='ocrx_word' id='word_1_380' title='bbox 981 4548 1116 4614; x_wconf 75' lang='lat' dir='ltr'><strong>⁵sodoro]</strong></span> <span class='ocrx_word' id='word_1_381' title='bbox 1134 4549 1220 4599; x_wconf 81' lang='lat' dir='ltr'><strong>lidoro</strong></span> <span class='ocrx_word' id='word_1_382' title='bbox 1236 4555 1258 4600; x_wconf 90' lang='lat'><strong>1.</strong></span> <span class='ocrx_word' id='word_1_383' title='bbox 1279 4551 1363 4599; x_wconf 85' lang='lat' dir='ltr'><strong>fidoro</strong></span> <span class='ocrx_word' id='word_1_384' title='bbox 1378 4554 1469 4600; x_wconf 72' lang='lat' dir='ltr'><strong>2.d.5.</strong></span> <span class='ocrx_word' id='word_1_385' title='bbox 1511 4552 1677 4602; x_wconf 69' lang='lat' dir='ltr'><strong>tmmtuss.</strong></span> 
     </span>
     <span class='ocr_line' id='line_1_39' title="bbox 383 4632 1676 4709; baseline 0.004 -29"><span class='ocrx_word' id='word_1_386' title='bbox 383 4640 582 4700; x_wconf 43' lang='lat' dir='ltr'><strong>etarctnaqqt</strong></span> <span class='ocrx_word' id='word_1_387' title='bbox 652 4632 771 4698; x_wconf 56' lang='lat' dir='ltr'><strong>”Pauli</strong></span> <span class='ocrx_word' id='word_1_388' title='bbox 791 4635 827 4682; x_wconf 87' lang='lat' dir='ltr'><strong>of.</strong></span> <span class='ocrx_word' id='word_1_389' title='bbox 843 4651 885 4698; x_wconf 87' lang='lat' dir='ltr'><strong>ep.</strong></span> <span class='ocrx_word' id='word_1_390' title='bbox 900 4634 934 4684; x_wconf 87' lang='lat' dir='ltr'><strong>ad</strong></span> <span class='ocrx_word' id='word_1_391' title='bbox 948 4635 1043 4683; x_wconf 86' lang='lat' dir='ltr'><strong>Thoss.</strong></span> <span class='ocrx_word' id='word_1_392' title='bbox 1058 4634 1095 4682; x_wconf 90' lang='lat' dir='ltr'><strong>II.</strong></span> <span class='ocrx_word' id='word_1_393' title='bbox 1110 4634 1135 4683; x_wconf 89' lang='lat'><strong>3.</strong></span> <span class='ocrx_word' id='word_1_394' title='bbox 1150 4650 1208 4698; x_wconf 82' lang='lat' dir='ltr'><strong>sqq.</strong></span> <span class='ocrx_word' id='word_1_395' title='bbox 1262 4635 1306 4709; x_wconf 28' lang='lat'><strong>*¹⁰</strong></span> <span class='ocrx_word' id='word_1_396' title='bbox 1325 4636 1392 4698; x_wconf 85' lang='lat' dir='ltr'><strong>ipsis</strong></span> <span class='ocrx_word' id='word_1_397' title='bbox 1411 4637 1511 4683; x_wconf 78' lang='lat' dir='ltr'><strong>detli.</strong></span> <span class='ocrx_word' id='word_1_398' title='bbox 1588 4635 1607 4667; x_wconf 90' lang='lat'><strong>¹¹</strong></span> <span class='ocrx_word' id='word_1_399' title='bbox 1627 4639 1676 4685; x_wconf 84' lang='lat' dir='ltr'><strong>int.</strong></span> 
     </span>
     <span class='ocr_line' id='line_1_40' title="bbox 333 4716 1677 4781; baseline 0.006 -20"><span class='ocrx_word' id='word_1_400' title='bbox 333 4719 338 4724; x_wconf 85' lang='lat'><strong><em>‘</em></strong></span> <span class='ocrx_word' id='word_1_401' title='bbox 390 4731 452 4780; x_wconf 82' lang='lat' dir='ltr'><strong>opus</strong></span> <span class='ocrx_word' id='word_1_402' title='bbox 472 4721 496 4768; x_wconf 84' lang='grc'><strong>3.</strong></span> <span class='ocrx_word' id='word_1_403' title='bbox 552 4717 602 4749; x_wconf 69' lang='lat'><strong>¹2¹³</strong></span> <span class='ocrx_word' id='word_1_404' title='bbox 623 4719 800 4769; x_wconf 81' lang='lat' dir='ltr'><strong>immundicia</strong></span> <span class='ocrx_word' id='word_1_405' title='bbox 819 4722 843 4767; x_wconf 88' lang='lat'><strong>2.</strong></span> <span class='ocrx_word' id='word_1_406' title='bbox 854 4721 911 4767; x_wconf 57' lang='lat'><strong>45.</strong></span> <span class='ocrx_word' id='word_1_407' title='bbox 966 4717 986 4748; x_wconf 75' lang='lat'><strong>¹⁴</strong></span> <span class='ocrx_word' id='word_1_408' title='bbox 1006 4716 1106 4778; x_wconf 83' lang='lat' dir='ltr'><strong>studio,</strong></span> <span class='ocrx_word' id='word_1_409' title='bbox 1128 4720 1261 4778; x_wconf 84' lang='lat' dir='ltr'><strong>auaritia,</strong></span> <span class='ocrx_word' id='word_1_410' title='bbox 1282 4718 1326 4766; x_wconf 80' lang='lat' dir='ltr'><strong>nel</strong></span> <span class='ocrx_word' id='word_1_411' title='bbox 1346 4719 1422 4766; x_wconf 89' lang='lat' dir='ltr'><strong>inani</strong></span> <span class='ocrx_word' id='word_1_412' title='bbox 1441 4719 1530 4781; x_wconf 80' lang='lat' dir='ltr'><strong>gloria</strong></span> <span class='ocrx_word' id='word_1_413' title='bbox 1551 4724 1574 4767; x_wconf 90' lang='lat'><strong>1.</strong></span> <span class='ocrx_word' id='word_1_414' title='bbox 1611 4736 1677 4769; x_wconf 84' lang='lat' dir='ltr'><strong>ava·</strong></span> 
     </span>
     <span class='ocr_line' id='line_1_41' title="bbox 391 4799 1677 4865; baseline 0.002 -16"><span class='ocrx_word' id='word_1_415' title='bbox 391 4802 461 4852; x_wconf 78' lang='lat' dir='ltr'><strong>rieiae</strong></span> <span class='ocrx_word' id='word_1_416' title='bbox 482 4808 505 4852; x_wconf 74' lang='lat' dir='ltr'><strong>t.</strong></span> <span class='ocrx_word' id='word_1_417' title='bbox 556 4802 576 4834; x_wconf 81' lang='lat'><strong>¹⁵</strong></span> <span class='ocrx_word' id='word_1_418' title='bbox 596 4820 642 4853; x_wconf 84' lang='lat' dir='ltr'><strong>eos</strong></span> <span class='ocrx_word' id='word_1_419' title='bbox 660 4807 760 4853; x_wconf 80' lang='lat' dir='ltr'><strong>omiser.</strong></span> <span class='ocrx_word' id='word_1_420' title='bbox 775 4806 833 4854; x_wconf 85' lang='lat' dir='ltr'><strong>edd.</strong></span> <span class='ocrx_word' id='word_1_421' title='bbox 848 4811 872 4854; x_wconf 87' lang='lat' dir='ltr'><strong>et</strong></span> <span class='ocrx_word' id='word_1_422' title='bbox 887 4808 912 4854; x_wconf 78' lang='lat'><strong>3.</strong></span> <span class='ocrx_word' id='word_1_423' title='bbox 926 4805 1013 4852; x_wconf 80' lang='lat' dir='ltr'><strong>addid.</strong></span> <span class='ocrx_word' id='word_1_424' title='bbox 1028 4803 1063 4850; x_wconf 89' lang='lat' dir='ltr'><strong>H.</strong></span> <span class='ocrx_word' id='word_1_425' title='bbox 1117 4799 1248 4865; x_wconf 71' lang='lat' dir='ltr'><strong>institut]</strong></span> <span class='ocrx_word' id='word_1_426' title='bbox 1268 4802 1453 4851; x_wconf 85' lang='lat' dir='ltr'><strong>uisitationib.</strong></span> <span class='ocrx_word' id='word_1_427' title='bbox 1469 4805 1492 4850; x_wconf 88' lang='lat'><strong>1.</strong></span> <span class='ocrx_word' id='word_1_428' title='bbox 1503 4806 1526 4851; x_wconf 80' lang='grc'><strong>6.</strong></span> <span class='ocrx_word' id='word_1_429' title='bbox 1576 4803 1677 4853; x_wconf 58' lang='lat' dir='ltr'><strong>1⁹rin-</strong></span> 
     </span>
     <span class='ocr_line' id='line_1_42' title="bbox 394 4883 1675 4953; baseline 0.004 -20"><span class='ocrx_word' id='word_1_430' title='bbox 394 4883 440 4935; x_wconf 75' lang='lat' dir='ltr'><strong>dic.</strong></span> <span class='ocrx_word' id='word_1_431' title='bbox 453 4891 476 4938; x_wconf 83' lang='lat'><strong>6.</strong></span> <span class='ocrx_word' id='word_1_432' title='bbox 541 4886 563 4918; x_wconf 82' lang='lat'><strong>²⁰</strong></span> <span class='ocrx_word' id='word_1_433' title='bbox 582 4888 729 4953; x_wconf 85' lang='lat' dir='ltr'><strong>quidquam</strong></span> <span class='ocrx_word' id='word_1_434' title='bbox 744 4890 768 4937; x_wconf 75' lang='lat'><strong>4.</strong></span> <span class='ocrx_word' id='word_1_435' title='bbox 833 4888 854 4921; x_wconf 80' lang='lat'><strong>²²</strong></span> <span class='ocrx_word' id='word_1_436' title='bbox 873 4889 997 4938; x_wconf 74' lang='lat' dir='ltr'><strong>aurosa.</strong></span> <span class='ocrx_word' id='word_1_437' title='bbox 1051 4887 1264 4950; x_wconf 64' lang='lat' dir='ltr'><strong>negotiando!</strong></span> <span class='ocrx_word' id='word_1_438' title='bbox 1282 4886 1374 4950; x_wconf 69' lang='lat' dir='ltr'><strong>radipt</strong></span> <span class='ocrx_word' id='word_1_439' title='bbox 1437 4884 1458 4916; x_wconf 72' lang='lat'><strong>²⁴</strong></span> <span class='ocrx_word' id='word_1_440' title='bbox 1477 4904 1629 4937; x_wconf 84' lang='lat' dir='ltr'><strong>mammona</strong></span> <span class='ocrx_word' id='word_1_441' title='bbox 1650 4892 1675 4938; x_wconf 82' lang='grc'><strong>3.</strong></span> 
     </span>
     <span class='ocr_line' id='line_1_43' title="bbox 396 4968 1673 5037; baseline 0.007 -21"><span class='ocrx_word' id='word_1_442' title='bbox 396 4968 621 5022; x_wconf 62' lang='lat' dir='ltr'><strong>manuario.</strong></span> <span class='ocrx_word' id='word_1_443' title='bbox 665 4988 774 5022; x_wconf 81' lang='lat' dir='ltr'><strong>carmen</strong></span> <span class='ocrx_word' id='word_1_444' title='bbox 794 4977 819 5022; x_wconf 87' lang='lat'><strong>1.</strong></span> <span class='ocrx_word' id='word_1_445' title='bbox 860 4973 881 5005; x_wconf 75' lang='lat'><strong>²⁶</strong></span> <span class='ocrx_word' id='word_1_446' title='bbox 901 4977 1049 5037; x_wconf 84' lang='lat' dir='ltr'><strong>queruntur</strong></span> <span class='ocrx_word' id='word_1_447' title='bbox 1063 4973 1088 5019; x_wconf 83' lang='lat'><strong>3.</strong></span> <span class='ocrx_word' id='word_1_448' title='bbox 1125 4970 1204 5020; x_wconf 78' lang='lat' dir='ltr'><strong>robis</strong></span> <span class='ocrx_word' id='word_1_449' title='bbox 1224 4972 1325 5035; x_wconf 68' lang='lat' dir='ltr'><strong>quido.</strong></span> <span class='ocrx_word' id='word_1_450' title='bbox 1366 4969 1561 5021; x_wconf 65' lang='lat' dir='ltr'><strong>”haeredibus</strong></span> <span class='ocrx_word' id='word_1_451' title='bbox 1581 4977 1673 5025; x_wconf 78' lang='grc'><em>2.4.5.</em></span> 
     </span>
    </p>

    <p class='ocr_par' dir='ltr' id='par_1_5' title="bbox 395 5049 1480 5122">
     <span class='ocr_line' id='line_1_44' title="bbox 395 5049 1480 5122; baseline 0.001 -18"><span class='ocrx_word' id='word_1_452' title='bbox 395 5049 413 5081; x_wconf 74' lang='lat'><strong>²⁹</strong></span> <span class='ocrx_word' id='word_1_453' title='bbox 428 5058 600 5107; x_wconf 81' lang='lat' dir='ltr'><strong>contribuitis</strong></span> <span class='ocrx_word' id='word_1_454' title='bbox 620 5059 645 5107; x_wconf 83' lang='grc'><strong>6.</strong></span> <span class='ocrx_word' id='word_1_455' title='bbox 699 5056 793 5122; x_wconf 74' lang='lat' dir='ltr'><strong>scort]</strong></span> <span class='ocrx_word' id='word_1_456' title='bbox 812 5059 837 5108; x_wconf 82' lang='lat' dir='ltr'><strong>ai</strong></span> <span class='ocrx_word' id='word_1_457' title='bbox 855 5053 1041 5107; x_wconf 83' lang='lat' dir='ltr'><strong>hortationem</strong></span> <span class='ocrx_word' id='word_1_458' title='bbox 1061 5057 1085 5103; x_wconf 89' lang='lat'><strong>1.</strong></span> <span class='ocrx_word' id='word_1_459' title='bbox 1095 5058 1118 5103; x_wconf 74' lang='lat'><strong>⁶.</strong></span> <span class='ocrx_word' id='word_1_460' title='bbox 1172 5053 1194 5086; x_wconf 78' lang='lat'><strong>³⁴</strong></span> <span class='ocrx_word' id='word_1_461' title='bbox 1213 5056 1440 5106; x_wconf 81' lang='lat' dir='ltr'><strong>annunciatorom</strong></span> <span class='ocrx_word' id='word_1_462' title='bbox 1455 5058 1480 5105; x_wconf 79' lang='lat'><strong>5.</strong></span> 
     </span>
    </p>
   </div>
   <div class='ocr_carea' id='block_1_5' title="bbox 0 0 2188 6084">
    <p class='ocr_par' dir='ltr' id='par_1_6' title="bbox 0 0 2188 6084">
     <span class='ocr_line' id='line_1_45' title="bbox 0 0 2188 6084; baseline 0 4"><span class='ocrx_word' id='word_1_463' title='bbox 0 0 2188 6084; x_wconf 95' lang='lat' dir='ltr'><strong> </strong></span> 
     </span>
    </p>
   </div>
  </div>
 </body>
</html>
