4367 6084
380 731 559 781 ADDENDA
577 731 626 779 AD
648 730 728 780 VOL.
742 728 765 778 1.
796 725 967 777 1.xxxl11*.
981 741 1124 776 seraranan
1138 740 1173 774 an
1188 739 1281 774 rencia.
1296 740 1331 773 na
1345 740 1467 774 mannas.
1482 738 1506 773 n.
1523 732 1584 772 ratu.
1606 708 1673 777 481

381 905 495 960 baberet
511 914 538 959 et
557 904 663 960 felicem
678 903 779 958 exitum
801 909 1002 974 assequeretur.
1047 901 1120 956 Unde
1145 900 1192 955 tibi
1210 917 1264 954 uon
1279 917 1374 973 parum
1391 900 1532 962 debemus,
1549 910 1576 955 at
1592 899 1678 967 multo

382 988 444 1063 plus
466 989 555 1045 adbuc
579 988 679 1044 debere
710 988 869 1047 latebimus,
901 1004 961 1042 cum
989 987 1027 1047 id.
1059 986 1132 1058 quod
1161 983 1303 1050 molimur,
1332 1002 1383 1057 pro
1414 994 1478 1040 roto
1506 987 1677 1047 successerit,
1711 1008 1713 1013 ·

382 1075 455 1147 quod
483 1074 506 1129 si
530 1074 653 1134 eveniat,
683 1072 820 1146 intelliges
850 1090 930 1145 quam
955 1072 1025 1127 bene
1052 1069 1229 1126 collocaveris
1258 1087 1368 1142 operam
1396 1070 1569 1143 studiumque
1593 1078 1676 1126 tuum.

380 1158 491 1214 lnterim
515 1159 584 1216 bene
606 1158 664 1213 vale
686 1167 714 1212 et
733 1175 790 1213 rem
809 1166 946 1218 nostram,
968 1156 1006 1211 uti
1027 1155 1149 1228 eoepisti.
1172 1154 1297 1210 omnibus
1316 1155 1406 1209 nervis
1423 1172 1548 1227 procura.
1591 1154 1679 1210 Caris·

359 1243 449 1299 ⁵sime
472 1244 619 1304 loacbime,
648 1244 717 1298 lleus
744 1244 863 1316 optimus
892 1244 1022 1297 maximus
1048 1250 1074 1296 te
1104 1258 1133 1296 ac
1153 1256 1195 1295 res
1215 1248 1274 1294 tuas
1298 1255 1391 1294 omues
1416 1240 1442 1292 in
1466 1257 1541 1294 suam
1566 1238 1678 1295 tutelam

380 1327 444 1383 velit
467 1345 614 1384 assumere.
658 1329 752 1384 llatum
774 1327 843 1401 apud
861 1328 988 1383 Sanctum
1008 1326 1169 1381 Germanum
1193 1325 1219 1379 in
1241 1324 1326 1398 Lapa,
1351 1324 1393 1380 die
1416 1313 1541 1389 vic'esima
1563 1324 1677 1397 septima

379 1414 480 1469 mensis
501 1413 598 1469 llartii.
942 1411 1126 1485 Francoys.
1215 1412 1217 1417 '

711 1536 716 1544 ·.
1452 1493 1590 1550 llobertet.

668 1581 854 1651 {Inscriptiod
893 1582 1038 1637 Carissimo
1061 1588 1159 1636 nostro

773 1657 778 1668 “
858 1666 994 1723 loacbimo
1014 1666 1047 1722 de
1070 1664 1196 1720 lloltzan.

349 1885 371 1922 ¹⁰
400 1897 572 1932 moenum.
877 1886 905 1943 6.
932 1878 1176 1964 [Lirenates]
1262 1880 1264 1882 ’
1393 1889 1524 1931 abutar,
1541 1878 1658 1948 [mista]

380 1951 590 1965 -—-—-
1384 1950 1525 1959 ἡ

846 2035 1024 2115 [ANTONIVS
1045 2037 1085 2092 ub
1107 2037 1218 2092 PRATO

797 2135 980 2186 IOACHIMO
999 2137 1049 2186 DE
1069 2132 1264 2199 Mou‘rzaNq

468 2258 605 2315 Generosa
627 2260 668 2329 vir
684 2259 827 2316 loachime.
864 2257 1050 2315 incredibilem
1077 2257 1158 2313 michi
1179 2236 1295 2312 leticiam
1320 2257 1502 2330 gaudiumque
1525 2258 1677 2315 attulerunt

381 2342 482 2399 litterae
501 2351 567 2405 tuae,
590 2362 622 2408 ex
638 2343 749 2418 quibus,
774 2352 904 2417 quantum
921 2344 1039 2398 studium
1058 2342 1282 2416 diligentiamque
1298 2360 1348 2416 pro
1363 2361 1444 2398 eausa
1460 2343 1676 2400 christianissimi

349 2428 458 2501 bregis
482 2429 659 2501 promerenda
682 2429 800 2484 libenter
820 2429 996 2502 impenderis,
1026 2428 1099 2484 clare
1126 2427 1321 2501 perspeximus.
1366 2427 1512 2483 llortarnur
1536 2438 1625 2484 autern
1649 2438 1676 2483 et

382 2529 524 2568 monemus
545 2522 570 2569 te
590 2514 775 2575 vehementer,
799 2522 828 2568 ut
852 2514 875 2568 ei
900 2513 951 2574 rei,
973 2531 1052 2585 quani
1075 2512 1154 2567 simul
1178 2512 1229 2567 diis
1252 2512 1320 2568 bene
1344 2511 1496 2567 sarientibus
1516 2514 1675 2586 incepimus,

383 2605 436 2651 tarn
460 2598 617 2670 diligentem
640 2614 749 2672 operam
773 2598 913 2659 adhibens,
942 2608 973 2654 ut
998 2616 1077 2654 curas
1106 2597 1248 2669 studiaque
1273 2606 1317 2652 tua
1340 2614 1394 2653 riou
1421 2599 1557 2661 remittas,
1587 2599 1675 2671 quoad

382 2698 438 2736 rem
459 2690 543 2738 totam
563 2684 595 2738 ad
612 2683 704 2738 laetum
723 2684 824 2739 exitum
852 2683 1023 2756 perduxeris,
1049 2684 1085 2738 ita
1108 2682 1177 2737 euim
1203 2681 1377 2737 iustissimam
1398 2683 1548 2739 mercedem
1569 2682 1630 2739 fidei
1650 2691 1677 2739 et

382 2765 505 2821 laborum
523 2775 632 2823 tuorum
648 2767 805 2841 plenissime
820 2767 1012 2841 consequeris:
1030 2785 1109 2841 quam
1126 2768 1193 2822 idern
1210 2767 1453 2843 christianissimus
1469 2785 1515 2823 ren
1533 2768 1581 2822 tibi
1596 2767 1676 2824 uber·

346 2851 477 2906 torinnam
496 2852 635 2907 exsolvere
656 2852 831 2908 confirmavit.
875 2853 1012 2909 Generosc
1033 2853 1073 2907 vir
1093 2852 1239 2914 loaebime,
1271 2852 1352 2907 lleum
1378 2851 1511 2925 optimum
1534 2854 1677 2909 maximum

381 2952 493 3007 precor,
518 2935 583 2991 velit
606 2945 631 2991 te
654 2955 752 3011 resque
776 2946 835 2994 tuas
859 2955 952 2994 omnes
976 2938 1002 2992 in
1026 2955 1101 2993 suam
1121 2935 1232 2992 tutelam
1254 2954 1400 2993 assumere.
1444 2936 1481 2992 lla
1497 2938 1595 2994 Sancto
1612 2939 1677 2995 Ger·

381 3036 460 3076 mano
482 3020 509 3075 in
532 3022 617 3095 Lapa,
642 3021 685 3079 die
708 3022 835 3079 vicesimo
858 3023 974 3097 septime
1001 3022 1101 3078 mensis
1123 3021 1219 3076 llartii.
1609 3030 1612 3035 ’

1181 3105 1313 3161 lntlrimus
1334 3106 1418 3162 frater
1438 3114 1465 3160 et
1488 3108 1590 3164 amicus

1301 3191 1330 3245 ll.
1348 3190 1472 3263 lleprato.

346 3282 372 3320 2⁵
467 3272 614 3337 loachime‚
644 3292 727 3331 unum
758 3285 812 3339 est,
844 3276 915 3350 quod
944 3276 992 3332 tilii
1019 3275 1186 3332 reticendum
1216 3275 1324 3330 niinime
1343 3293 1450 3330 censeo.
1493 3274 1529 3330 Er
1548 3276 1676 3350 llispania

381 3357 508 3414 nuncium
528 3359 684 3422 babuimus,
708 3361 779 3434 quod
805 3362 832 3417 lri
851 3369 984 3436 quatuor,
1008 3361 1053 3435 qui
1070 3361 1140 3434 apud
1160 3361 1308 3432 Augustam
1332 3359 1357 3414 in
1380 3359 1542 3416 catbolicum
1562 3378 1676 3417 consen·

382 3460 440 3498 sum
464 3444 652 3517 praebuerant,
676 3445 771 3500 {leiirde
793 3456 856 3520 post
878 3447 1051 3520 imperatoris
1071 3453 1186 3501 mortem
1209 3444 1315 3499 litteras
1335 3443 1549 3500 confirmatorias
1567 3446 1674 3519 praelati

380 3544 530 3584 consensus
553 3530 733 3591 tradiderant,
759 3531 857 3604 quibus
886 3540 973 3587 tamen
996 3549 1049 3587 non
1075 3525 1272 3590 obstantibus‚'
1292 3538 1407 3584 mentem
1438 3537 1559 3585 nostram
1583 3529 1676 3604 euplo·

382 3628 458 3673 rare.
488 3613 589 3670 litteris
616 3623 643 3670 et
673 3614 918 3688 pollicitationibus
946 3634 997 3672 nos
1025 3617 1149 3691 decipere
1173 3624 1388 3690 proposuerant,
1416 3615 1458 3669 cui
1482 3616 1580 3670 nuncio
1602 3616 1675 3670 cbri-

346 3696 564 3753 ³⁰stianissimus
593 3699 670 3755 sidem
697 3699 806 3773 minime
836 3701 963 3757 adbibere
988 3701 1087 3765 voluit,
1118 3719 1166 3756 nee
1195 3699 1344 3755 arbitratus
1372 3708 1414 3755 est
1437 3698 1504 3755 tales
1527 3700 1599 3756 viros
1623 3709 1675 3756 tam

382 3779 516 3854 inphanda
539 3785 721 3856 excogitasse,
746 3784 843 3856 quibus
865 3795 892 3842 et
914 3787 992 3842 deum
1016 3787 1148 3860 optimum
1171 3786 1313 3841 niaximum
1337 3785 1518 3845 offenderent,
1544 3785 1675 3840 bonorem

381 3883 459 3921 suum
486 3876 514 3922 et
536 3867 632 3923 lamam
655 3869 774 3941 graviter
796 3871 976 3932 macularent,
1003 3871 1102 3944 Regem
1133 3871 1273 3926 rirarsiruum
1300 3870 1499 3943 magnanimum
1521 3868 1676 3925 bominibus

359 3999 361 4003 ,
381 3957 419 4016 οἱ,
431 3950 532 4006 divitiis
555 3952 753 4009 habundantem
774 3954 904 4011 iniuriose
927 3955 1065 4017 luderent,
1089 3976 1103 4011 a
1128 3975 1182 4030 quo
1204 3973 1300 4028 graves
1317 3954 1470 4010 inimicitias
1486 3973 1515 4010 ac
1531 3955 1675 4011 vindictam

381 4043 525 4107 exportare
553 4037 684 4093 deberent
713 4046 740 4092 et
769 4039 872 4095 nullum
902 4041 982 4095 alium
1010 4059 1041 4096 en
1070 4042 1127 4097 suis
1159 4041 1285 4097 versutiis
1314 4041 1432 4097 lructum
1462 4040 1570 4114 assequi
1593 4057 1684 4114 posse-

347 4127 371 4165 ³³
382 4129 533 4191 sperarent.

398 4331 580 4368 cvnmvrmn.
845 4325 871 4381 7,
898 4320 1005 4401 [Liscb
1022 4344 1049 4381 n.
1066 4322 1147 4403 200]
1386 4332 1421 4372 ts.
1437 4339 1521 4373 naar.
1537 4323 1571 4389 [a.
1588 4324 1659 4392 lora]

380 4386 593 4398 —1———210
1365 4394 1677 4406 Ἠ

773 4456 806 4536 [F
810 4460 955 4516 lldNClSCl
980 4460 1083 4516 aunis
1096 4461 1290 4517 CONSlleRll

797 4557 980 4607 IOACHIMO
1000 4560 1048 4608 DE
1067 4556 1261 4623 alburnum]

467 4658 629 4717 charissime
653 4670 759 4723 noster.
784 4664 864 4720 salve.

344 4756 369 4796 to
467 4745 586 4801 Reddita
609 4755 672 4802 suut
696 4746 773 4804 uobis
797 4749 896 4805 litterae
919 4758 1015 4807 restrae
1037 4770 1098 4807 cum
1122 4750 1235 4813 litteris,
1270 4768 1337 4823 quas
1366 4750 1398 4804 ad
1420 4750 1675 4806 christianissimum

451 4892 511 4944 ‘ee
533 4897 580 4945 isti
600 4895 632 4943 L.

450 4977 471 5010 ¹⁵
490 4911 575 5044 cliire]
595 4980 661 5029 dare
682 4980 713 5029 L.
767 4978 789 5012 ²⁸
808 4980 934 5047 quatuor]
954 4986 1087 5033 electores.
1140 4983 1163 5015 ¹⁷
1181 4985 1348 5050 prebuerant
1368 4984 1399 5033 l..
1458 4981 1480 5015 ³³
1499 4982 1624 5033 lederent
1644 4986 1676 5035 L.

379 5060 402 5094 ⁸⁴
423 5069 569 5129 exportare
589 5065 620 5113 [ι.
638 5064 702 5127 sort.
717 5072 818 5130 repert.

442 5149 576 5198 Hvrrrri
596 5147 663 5200 Ore.
683 5164 747 5199 ror..
762 5151 799 5200 11.
1411 5153 1447 5214 31
