4367 6084
552 719 621 791 172
711 734 841 786 cccvu.
857 750 958 784 uuasur
974 751 1035 785 uer.
1051 750 1086 785 no
1101 750 1215 785 uaneru
1230 752 1373 787 ravennon
1387 753 1428 786 ar.
1443 753 1469 787 n.
1485 746 1504 787 t.
1518 754 1599 787 raon.
1617 743 1673 787 tata.

547 919 681 967 conantur
705 910 731 965 in
754 909 872 966 bostium
895 910 988 984 copias
1011 910 1181 985 propellere,
1211 929 1232 981 n
1278 910 1324 982 vob
1347 910 1433 972 aliud,
1464 913 1515 966 nisi
1545 921 1575 967 ut
1602 912 1652 967 bac
1681 911 1723 965 ria
1746 909 1838 983 perde·

551 1004 611 1051 rent
640 1014 719 1069 quem
743 995 858 1067 linguis.
889 995 968 1050 bonis
991 995 1078 1050 literis
1107 1014 1137 1049 ae
1160 927 1413 1068 vetffilffl'ogiae
1437 996 1546 1051 lortiter
1569 996 1785 1070 patrocinantem
1807 995 1839 1048 de

433 1113 436 1118 -
479 1078 632 1153 les-gram
660 1081 776 1135 deiicere
805 1097 859 1135 uon
889 1087 1024 1152 poterant.
1068 1080 1160 1153 ltaque
1189 1081 1287 1134 laetruu
1311 1087 1429 1136 estnon
1453 1099 1509 1137 mea
1534 1082 1640 1154 quidem
1669 1080 1765 1153 culpa,
1794 1079 1839 1133 sed

549 1182 676 1239 perverso
694 1165 860 1237 quorundam
877 1166 983 1228 studio,
1001 1175 1030 1219 ut
1046 1173 1161 1237 utraque
1178 1165 1203 1219 in
1221 1174 1297 1237 parte
1313 1165 1423 1221 babeam
1440 1167 1569 1238 (preosdam
1585 1166 1650 1220 milri
1665 1182 1762 1238 parum
1779 1181 1841 1236 pro·

549 1249 804 1324 pieiosssiquidem
822 1249 847 1304 iu
864 1258 940 1322 parte
955 1250 1039 1305 altera
1056 1257 1119 1304 sunt
1135 1250 1180 1322 qui
1197 1267 1284 1304 meum
1302 1250 1439 1305 silentium
1456 1250 1573 1305 lavarem
1590 1251 1682 1304 invisae
1699 1249 1786 1322 partis
1803 1249 1860 1302 ἐπι-5

548 1342 748 1406 terpretentur:
773 1351 880 1388 rursum
897 1333 1030 1392 intereos
1047 1334 1092 1407 qui
1109 1334 1228 1390 Lutbero
1246 1335 1349 1395 tarent,
1374 1342 1437 1388 sunt
1449 1335 1500 1407 qui
1517 1336 1631 1410 tremant
1647 1342 1675 1388 et
1698 1327 1841 1404 indignen-

521 1438 523 1441 ·
549 1429 594 1474 tur
616 1418 687 1490 quod
711 1418 747 1472 ob
770 1418 849 1490 animi
866 1418 1049 1479 tiruiditatem.
1073 1427 1104 1474 ut
1120 1418 1208 1479 aiunt,
1231 1436 1339 1474 eausaur
1354 1419 1484 1490 evangelii
1500 1419 1636 1478 deseram,
1654 1436 1703 1473 neo
1718 1417 1842 1473 deseram

550 1502 651 1561 solum.
675 1520 765 1556 verum
788 1502 868 1557 etiam
892 1503 988 1559 moliar
1010 1503 1111 1575 aliquid
1134 1503 1166 1557 ad
1189 1503 1429 1558 constabiliendum
1451 1521 1558 1559 earrsam
1581 1502 1755 1577 pontificum.
1787 1502 1842 1554 sive

480 1590 579 1643 §.lum
602 1587 647 1642 isti
670 1595 766 1642 vocant
788 1587 954 1660 papisticam.
999 1587 1097 1643 Verum
1113 1586 1173 1642 aliis
1189 1588 1295 1659 quidem
1313 1588 1364 1643 iam
1380 1605 1451 1661 saepe
1474 1605 1587 1643 utmrero
1603 1587 1746 1660 respondi:
1771 1602 1842 1640 umrc

549 1672 644 1727 lubens
673 1673 775 1743 egerim
804 1688 864 1726 eum
886 1672 1041 1727 buthe-rano
1070 1672 1211 1745 quopiam,
1243 1672 1288 1727 sed
1311 1673 1354 1728 eui
1377 1672 1413 1726 sit
1435 1671 1536 1746 aliquid
1560 1672 1711 1745 aequitatis:
1741 1671 1873 1743 opinor¹⁰

547 1757 618 1811 enim
642 1774 682 1811 mc
704 1774 811 1810 eausam
835 1743 919 1812 meimr
942 1766 969 1811 et
992 1756 1030 1811 illi
1053 1756 1230 1829 probaturum
1254 1774 1285 1811 ex
1308 1756 1349 1810 bis
1373 1774 1433 1829 quae
1457 1758 1514 1830 ipse
1534 1757 1598 1811 mibi
1614 1755 1762 1826 largietur:
1789 1754 1842 1827 pri·

548 1859 619 1896 nmm
642 1841 712 1895 euim
736 1831 918 1913 percontabor
941 1841 1029 1902 illum,
1060 1841 1124 1914 quid
1147 1841 1246 1895 sentiat
1269 1842 1301 1895 de
1325 1841 1456 1902 luthero:
1487 1841 1581 1913 utiepe
1604 1839 1783 1913 respondebit
1806 1839 1843 1891 ri·

548 1943 606 1980 rum
637 1942 696 1980 esse
725 1933 846 1980 sanetum
878 1934 905 1980 et
933 1925 1130 1997 evangelicum.
1160 1925 1320 1980 Christianae
1348 1926 1458 1998 pietatis
1481 1926 1699 1980 instauratorem.
1744 1923 1842 1979 deinde

547 2009 650 2082 rogabo
674 2027 736 2064 mun
759 2010 820 2065 huie
844 2010 945 2065 similos
968 2010 1022 2064 sint
1046 2027 1115 2081 quos
1139 2010 1217 2065 babet
1241 2010 1291 2064 sibi
1307 2010 1436 2072 derotos;
1459 2009 1628 2066 confirmabit
1644 2010 1713 2064 baud
1730 2008 1842 2062 dubium

547 2095 586 2149 sie
607 2112 675 2149 esse.
720 2112 781 2149 mon
803 2095 986 2167 percontabor
1007 2095 1103 2167 ecquid
1127 2094 1276 2167 exemplum
1299 2095 1335 2149 sit
1363 2093 1546 2166 evangelicum
1576 2094 1680 2148 teebnis
1709 2103 1736 2147 et
1764 2093 1789 2146 vi
1814 2092 1874 2145 iu¹⁵

547 2197 622 2234 suam
645 2179 789 2234 sartionem
812 2197 965 2253 quenquam
988 2178 1336 2273 pertrahere,dprrrsertim
1360 2197 1442 2252 quum
1466 2175 1671 2249 uon'ignorent
1693 2178 1762 2231 bane
1779 2192 1843 2250 pro·

549 2264 693 2318 lessiouem
717 2281 771 2318 non
794 2282 855 2320 esse
878 2265 966 2318 minus
989 2263 1169 2337 periculosam
1189 2282 1268 2335 rpeiam
1291 2263 1374 2318 luerit
1397 2262 1460 2317 olim
1476 2263 1619 2317 Christiani
1644 2263 1777 2322 nomirris;
1801 2258 1842 2313 lu·

546 2348 667 2403 rlmortmr
690 2354 748 2404 erat
770 2348 944 2403 obambulare
966 2349 1048 2404 ruaria
1071 2357 1099 2403 et
1122 2357 1221 2408 terras,
1246 2355 1275 2401 ut
1299 2366 1380 2402 unum
1401 2347 1570 2420 proselytum
1587 2346 1720 2401 illicerent
1737 2345 1764 2399 iu
1781 2363 1842 2399 nas·

549 2451 605 2488 sam
629 2433 712 2505 legis;
736 2433 852 2505 apostoli
876 2434 1007 2487 uerariuem
1031 2433 1155 2487 buumuis
1179 2432 1282 2487 artibus
1297 2431 1471 2491 allectabant.
1496 2440 1522 2485 et
1537 2431 1661 2487 celabant
1675 2430 1776 2484 Christi
1793 2446 1841 2483 no-

481 2523 609 2572 vamen
632 2519 785 2590 prolessos,
808 2518 893 2573 donee
917 2527 1028 2589 urgeret
1051 2516 1181 2573 articulus
1204 2516 1357 2589 profitendi.
1403 2516 1463 2571 llne
1486 2517 1574 2571 dicere
1597 2532 1705 2588 possem
1730 2515 1752 2568 si
1777 2517 1874 2587 pro-²⁰

548 2601 631 2656 lessio
647 2603 807 2656 Lutlrerauae
824 2602 948 2656 laetiouis
970 2601 1037 2656 nihil
1061 2602 1132 2656 aliud
1156 2610 1228 2655 esset
1251 2619 1329 2673 ipram
1354 2601 1489 2674 professio
1511 2600 1643 2655 doctrinae
1667 2588 1840 2670 evangeliea.

546 2693 574 2739 et
597 2686 619 2739 si
643 2686 704 2759 quis
726 2703 783 2740 eam
807 2687 876 2758 apud
901 2685 968 2739 istos
991 2685 1135 2759 aliquando
1157 2685 1225 2741 clam
1248 2686 1390 2758 professus
1413 2695 1499 2740 esset:
1530 2702 1601 2739 nune
1624 2683 1712 2757 qualis
1735 2683 1772 2737 sit
1796 2681 1839 2736 illa

547 2771 697 2842 professio,
721 2769 780 2824 aliis
804 2770 973 2825 iudicandum
997 2770 1137 2844 relinquo;
1159 2779 1233 2825 certe
1257 2769 1345 2843 qualis
1368 2770 1456 2843 qualis
1472 2778 1528 2831 est,
1552 2786 1593 2823 me
1609 2769 1694 2824 iuseio
1711 2776 1773 2822 nata
1789 2774 1839 2826 est,

547 2860 575 2908 et
597 2872 638 2908 me
660 2854 821 2909 dehortante
844 2871 1004 2927 progressa,
1026 2855 1108 2909 etiam
1131 2872 1217 2927 usque
1240 2854 1271 2908 ad
1294 2873 1341 2908 eos
1364 2855 1476 2926 gradus,
1501 2854 1570 2908 intra
1594 2871 1663 2926 quos
1683 2852 1772 2907 adhue
1787 2869 1841 2905 ma·

547 2938 615 2996 xima
639 2955 670 2992 ex
692 2947 769 3012 parte
791 2939 906 2993 muudus
929 2939 1107 3012 applaudebat
1131 2938 1237 2994 tabulae.
1281 2939 1389 2994 loterim
1417 2948 1532 3011 sequuta
1560 2946 1602 2992 est
1623 2937 1771 3010 Captivitas
1793 2937 1873 2990 lla-²⁵

548 3021 684 3096 bylouiea,
707 3017 856 3096 A'brogatio
878 3023 981 3085 urissm,
1006 3023 1090 3079 totius
1106 3023 1248 3078 llussiticm
1270 3024 1401 3079 doctrinm
1423 3022 1558 3082 defensio.
1583 3030 1683 3095 praeter
1706 3021 1756 3076 alin
1780 3037 1840 3093 quae

547 3107 676 3163 Saronico
699 3107 790 3180 lingua
813 3109 970 3180 conseripla
992 3125 1032 3163 me
1057 3125 1105 3162 uee
1128 3107 1257 3164 lectorem
1279 3108 1439 3163 admittunt:
1462 3115 1489 3162 et
1506 3115 1594 3161 tamen
1611 3107 1740 3161 haetenus
1756 3122 1840 3178 quum

548 3191 640 3247 multis
663 3192 723 3247 aliis
746 3193 778 3247 de
800 3193 904 3253 causis,
929 3200 984 3248 tum
1008 3193 1056 3248 bac
1080 3193 1215 3265 praecipue
1233 3192 1304 3264 quod
1321 3192 1501 3264 intelligerem
1518 3191 1660 3263 negocium
1677 3208 1738 3245 esse
1753 3189 1839 3244 maius

462 3283 466 3293 '
548 3294 604 3331 mea
628 3278 799 3350 cognitione.
823 3278 855 3332 de
878 3277 1050 3349 dogmatibus
1072 3277 1182 3355 lutheri
1208 3276 1272 3330 nibil
1295 3277 1486 3350 prorrouciavi;
1510 3284 1613 3331 tantum
1631 3274 1719 3330 aerlitis
1735 3274 1838 3347 aliquot

523 3372 529 3383 ·
548 3361 672 3434 epistolis
696 3371 811 3417 testatus
835 3379 893 3417 sum
917 3380 959 3417 me
982 3379 1096 3434 prorsus
1119 3361 1234 3415 alienum
1258 3378 1317 3417 esse
1340 3380 1354 3415 a
1378 3361 1479 3415 temlero
1500 3360 1731 3419 lutheranorum.
1762 3366 1790 3413 et
1813 3358 1872 3411 ineo

548 3446 658 3519 seriptis
681 3446 754 3501 illius
777 3456 837 3519 <prm
860 3446 925 3501 milri
949 3445 1040 3518 legere
1063 3446 1193 3517 eontigit.
1216 3446 1370 3499 desiderare
1394 3445 1546 3518 plusculum
1569 3444 1728 3498 Christiana.
1750 3443 1840 3497 mode·

480 3531 624 3592 tuscia,
654 3537 682 3585 et
710 3539 804 3604 optare
832 3529 921 3585 miuus
949 3529 1143 3585 aruaruleutim.
1189 3530 1236 3584 llic
1257 3547 1354 3584 rursus
1377 3529 1519 3602 appellabo
1542 3528 1617 3583 illum
1640 3528 1751 3582 Lutberi
1776 3526 1840 3582 ami·

547 3630 717 3674 cumbum
739 3623 849 3670 censeat
871 3614 922 3669 boe
945 3614 1049 3669 lacinus
1073 3615 1144 3686 quod
1168 3613 1213 3669 ille
1237 3597 1334 3686 magite
1358 3614 1398 3668 sui
1422 3614 1519 3687 capitis
1540 3612 1710 3672 discrimine.
1742 3610 1855 3685 magno*

547 3698 661 3754 aliorum
678 3699 851 3770 aggreditur,
868 3698 1028 3770 praeclarum
1043 3715 1103 3751 esse
1120 3717 1149 3752 ae
1166 3698 1249 3753 unrlta
1266 3698 1342 3753 laude
1358 3698 1478 3770 dignum.
1523 3696 1712 3770 respondebit,
1731 3696 1837 3769 opinor.

547 3800 662 3855 prorsus
678 3781 856 3855 apostolieum
873 3779 933 3837 c'sse
949 3799 979 3837 ac
995 3783 1122 3837 memoria
1139 3783 1250 3856 dignum
1267 3783 1419 3838 immortali.
1444 3785 1500 3854 Age
1516 3791 1578 3836 utar
1594 3781 1735 3854 permisso.
1774 3780 1838 3846 Quis
1849 3783 1871 3822 ³⁵

483 3905 487 3914 .
548 3866 633 3937 igitur
659 3882 712 3921 non
742 3866 886 3921 iudicasset
915 3884 956 3920 me
985 3865 1139 3921 mortalium
1169 3868 1215 3939 qui
1238 3868 1329 3922 rivtmt
1352 3867 1471 3922 onmium
1495 3865 1762 3938 arrogantissinmm,
1794 3863 1839 3937 qui

548 3957 651 4004 tantum
686 3947 772 4003 laudis
808 3950 870 4004 mibi
899 3950 1089 4010 vindicassem.
1125 3950 1170 4005 ubi
1201 3969 1234 4006 ue
1263 3950 1395 4006 tantulum
1425 3952 1533 4024 quidem
1560 3948 1752 4023 promerebor?
1787 3949 1839 4002 imo
1872 3949 1875 3956 ⁴

547 4033 608 4105 quis
631 4049 685 4088 uon
708 4033 859 4088 censuisset
882 4051 924 4088 me
948 4035 1042 4107 quovis
1065 4035 1161 4091 Oreste
1185 4036 1365 4096 insaniorem.
1390 4035 1412 4090 si
1436 4035 1607 4090 falsissimam
1630 4033 1745 4106 ¹gloriam
1768 4033 1840 4105 eapi-

547 4117 582 4171 tis
605 4117 656 4171 mei
681 4115 802 4189 periculo
825 4117 970 4174 voluissem
993 4121 1128 4193 emptam?
1166 4120 1218 4174 lam
1247 4129 1305 4174 erat
1328 4120 1466 4193 plerisepre
1490 4118 1642 4174 monarchis
1664 4135 1694 4172 ae
1717 4116 1840 4191 praesuli·

547 4201 597 4256 bus
621 4218 778 4274 persuasum
802 4216 845 4257 me
869 4203 953 4258 totius
968 4204 1128 4259 ertlreranae
1151 4204 1282 4259 doctriua,
1305 4206 1408 4259 lontem
1423 4221 1498 4264 esse,
1522 4211 1659 4261 autorem,
1683 4205 1871 4274 propugno-⁸⁰

548 4295 634 4341 torem
658 4295 685 4341 et
700 4287 850 4349 Atlantem:
875 4289 927 4344 imo
950 4288 1035 4343 libros
1058 4290 1104 4361 qui
1129 4289 1237 4343 nomine
1260 4287 1333 4343 illius
1354 4289 1598 4347 circumferuntur.
1622 4286 1734 4341 lutheri
1751 4286 1839 4343 titulo.

547 4389 621 4427 meos
644 4389 713 4426 esse.
758 4373 798 4427 Au
821 4390 872 4445 ego
897 4373 994 4428 tacitus
1018 4382 1120 4428 tantam
1143 4372 1258 4444 gloriam
1281 4372 1345 4427 nu'bi
1369 4372 1452 4427 tribui
1475 4373 1531 4444 pati
1559 4367 1707 4426 debebam?
1740 4368 1841 4424 mamae

547 4457 660 4512 loannes
684 4456 749 4513 ‘Non
773 4474 831 4512 sum
855 4475 906 4530 ego
929 4457 1076 4513 Christus’:
1107 4474 1140 4511 an
1163 4474 1205 4511 me
1227 4457 1404 4512 conveniebat
1427 4454 1611 4512 obticescere?
1644 4454 1696 4509 Sed
1720 4454 1839 4513 nimium.

548 4541 689 4614 inquiunt,
714 4541 806 4596 multis
829 4541 954 4615 epistolis
977 4542 1029 4597 boe
1052 4541 1170 4596 testaris.
1215 4541 1271 4597 lmo
1296 4551 1348 4595 tam
1372 4540 1464 4596 rnrrltis
1479 4539 1604 4614 epistolis
1620 4538 1661 4592 vix
1678 4539 1765 4594 adhue
1782 4556 1840 4612 per·

549 4626 649 4680 suadeo
673 4625 847 4698 quibusdam,
877 4627 944 4681 adeo
973 4626 1139 4681 mendacium
1169 4625 1220 4680 boc
1243 4625 1505 4701 impudentissimum
1528 4632 1586 4679 erat
1610 4623 1718 4677 inlisum
1742 4623 1872 4678 animis¹⁵

476 4709 737 4781 §.mplurimorum
771 4711 834 4765 lam
858 4711 929 4783 quod
952 4711 983 4765 ad
1007 4711 1166 4765 modestiam
1188 4718 1217 4765 et
1238 4710 1452 4765 maledicentiam
1475 4708 1586 4768 attinet.
1610 4725 1706 4762 rursus
1728 4724 1841 4780 percon·

550 4793 627 4848 tabor
648 4793 831 4850 lutlreraunm
854 4811 959 4856 aueum,
990 4812 1022 4849 au
1052 4795 1176 4868 expediat
1197 4794 1309 4849 Lutlreri
1331 4794 1481 4849 doctrinam
1504 4793 1722 4866 quammaxime
1745 4809 1841 4865 propa·

616 4971 636 5003 ¹⁷
648 4983 677 5016 ’ψ
690 4973 733 5022 Cl.
748 4968 846 5038 evang.
861 4990 917 5023 see.
931 4974 1032 5034 lllatth,
1047 4975 1136 5023 xxm.
1153 4974 1191 5023 15.
1206 5011 1244 5037 ,,,.
1258 4975 1385 5024 circuitis
1403 4990 1478 5024 mare
1498 4980 1527 5023 et
1545 4974 1664 5034 aridam,
1683 4978 1715 5021 ut
1728 4971 1840 5021 faciatis

546 5069 628 5103 uuum
647 5057 850 5120 proselytum,.''
902 5055 924 5088 ⁴³
943 5055 1050 5122 Ionum]
1071 5073 1170 5123 evang.
1184 5059 1205 5107 Ι.
1219 5056 1260 5107 20.
1275 5059 1327 5108 ΠΙ.
1340 5057 1382 5108 28.
1446 5101 1456 5116 ,
