4367 6084
382 673 455 745 344
493 688 707 740 ΟΟΟΧΧΧΙΙΙΙ.
727 706 917 741 nnt'hnrnnstl
931 705 987 740 rao
998 705 1128 741 nrrrrno
1140 706 1177 741 an
1190 706 1294 740 snasan
1309 705 1451 741 seonorair
1464 705 1634 742 assrousio.

381 872 529 926 naverunt,
553 874 581 920 et
604 865 630 920 in
646 881 705 920 earn
720 865 901 938 perditionem
918 865 1104 938 perduxerunt
1119 873 1146 919 et
1161 864 1346 926 Christianos.
1370 874 1397 920 et
1421 882 1534 939 opernm
1550 865 1682 922 auctione

383 958 469 1004 totuin
491 950 636 1023 cauponati
659 957 723 1004 sunt
746 949 852 1011 orbem,
876 957 903 1004 et
926 967 977 1022 pro
1000 949 1160 1005 substantiis
1183 951 1286 1005 nostris
1310 950 1499 1022 imposuerunt
1515 951 1615 1006 nobis?
1640 950 1682 1005 ln·
1755 1018 1760 1026 θ

380 1035 492 1107 dignuin
515 1034 622 1089 ridetur
645 1035 692 1089 tibi
715 1034 772 1089 haec
793 1035 891 1090 crebro
914 1033 1017 1107 populo
1041 1034 1189 1095 instillare,
1212 1034 1245 1089 de
1269 1034 1321 1089 hiis
1336 1034 1496 1096 admonere,
1519 1043 1550 1090 ut
1565 1044 1680 1091 careant

381 1137 396 1173 a
420 1117 519 1173 talibus
542 1126 569 1172 ct
592 1125 646 1173 tani
668 1118 823 1174 crudelibus
845 1118 1031 1192 perditoribus
1053 1120 1221 1174 animarum?
1249 1121 1290 1173 hu
1318 1136 1372 1175 non
1401 1128 1444 1174 est
1472 1120 1515 1175 hic
1538 1120 1682 1175 Antichri-

382 1211 455 1262 stus.
485 1210 513 1257 et
542 1204 655 1258 iusticie
677 1204 721 1259 dei
749 1219 803 1259 non
833 1212 875 1258 est
897 1203 1036 1258 subiectus
1059 1204 1105 1276 qni
1129 1221 1204 1258 suam
1227 1204 1325 1258 statuit
1347 1212 1374 1258 et
1396 1203 1496 1259 Christi
1519 1205 1704 1277 passioneius

383 1289 564 1342 frustraneum
587 1287 669 1342 lacit?
699 1288 750 1343 Sed
780 1305 813 1343 an
840 1304 895 1343 non
925 1288 1005 1343 etiam
1034 1288 1181 1360 insigniter
1209 1287 1367 1343 hallucinati
1397 1305 1490 1343 snmus
1512 1288 1541 1343 in
1565 1289 1680 1345 nomine

382 1389 494 1444 uqrcrnm
519 1371 666 1432 bonorum.
690 1372 753 1428 dnm
776 1390 806 1427 ea
829 1372 981 1428 rocariinns
1004 1372 1073 1428 bona
1097 1389 1180 1446 opera
1204 1390 1264 1445 qnae
1288 1390 1337 1428 uos
1360 1372 1486 1445 fingimus
1509 1381 1536 1427 et
1560 1374 1683 1429 somnia·

383 1474 456 1517 rrius.
480 1456 542 1511 dnm
567 1457 678 1512 lacirnns
701 1475 762 1530 qnae
785 1457 863 1512 nohis
886 1466 958 1511 reeta
974 1457 1111 1517 ridentur,
1135 1465 1163 1513 et
1178 1474 1262 1530 opera
1277 1457 1357 1512 nobis
1373 1465 1522 1512 monstrata
1539 1477 1554 1513 a
1569 1458 1683 1514 Christo

383 1540 561 1613 negligimus.
586 1540 611 1596 id
633 1550 676 1596 est
697 1559 749 1615 pro
773 1541 957 1597 misericordia
981 1550 1009 1596 et
1032 1542 1131 1598 iudicio
1154 1542 1298 1597 statuimus
1320 1542 1464 1597 canonicas
1486 1550 1514 1597 et
1529 1543 1683 1615 papistieas

384 1626 481 1685 horas,
506 1642 614 1680 rasuras
630 1635 657 1680 et
673 1634 776 1687 restes,
799 1626 933 1682 delectum
948 1626 1086 1690 ciborum,
1110 1625 1266 1681 simulatum
1281 1634 1309 1681 et
1324 1625 1495 1699 prophanum
1510 1626 1624 1682 credibat
1646 1645 1681 1700 n).
1696 1642 1722 1678 ro

384 1727 444 1782 qum
468 1727 522 1764 uon
545 1709 634 1765 solnm
656 1726 710 1765 non
733 1710 856 1766 adimunt
877 1720 1001 1783 peecata.
1031 1711 1078 1766 sed
1107 1711 1188 1766 etiam
1216 1709 1358 1783 evangelio
1387 1728 1418 1765 ex
1440 1710 1574 1766 diametro
1598 1644 1685 1785 rebu-

383 1796 485 1865 gnant?
514 1793 578 1860 Quis
605 1794 680 1850 dabit
702 1794 836 1868 capitibus
859 1795 962 1850 nostris
984 1796 1063 1851 etiam
1087 1812 1199 1868 aquam.
1228 1803 1256 1850 et
1278 1794 1365 1850 oculis
1386 1795 1489 1850 nostris
1512 1796 1620 1850 fontem
1645 1796 1686 1850 la·

382 1879 567 1952 rhryrnarum.
591 1887 621 1933 ut
643 1879 782 1952 ploremus
804 1880 847 1935 die
869 1898 900 1936 ac
923 1890 1003 1936 noete
1026 1880 1186 1935 interlectos
1209 1878 1302 1953 populi
1326 1879 1431 1934 nostri?
1461 1879 1521 1952 quis
1544 1879 1687 1952 praebebit

383 1962 463 2017 nobis
491 1963 618 2019 auxilium
649 1964 777 2019 adsersus
806 1964 869 2019 illos
899 1964 1069 2020 latrunculos
1092 1963 1178 2038 Syriae
1207 1973 1235 2019 et
1256 1962 1334 2019 lloab
1362 1971 1390 2018 et
1413 1962 1530 2018 liliorum
1554 1967 1685 2026 Ammon,

376 2048 430 2120 >qm
453 2048 600 2120 depraedati
624 2056 687 2103 sunt
709 2050 812 2104 animas
834 2057 991 2104 sanctornm
1014 2056 1041 2103 et
1064 2048 1224 2104 oeciderunt
1246 2048 1390 2103 rneridaciis
1405 2049 1486 2110 'suis;
1509 2049 1556 2121 qui
1580 2049 1684 2104 sedent
1697 2065 1719 2102 ra

384 2133 411 2187 in
435 2131 539 2187 insidiis
561 2151 621 2188 cuni
644 2133 786 2194 diritibns.
811 2134 837 2188 in
861 2133 975 2189 occultis
997 2133 1185 2190 crnrrobiornm
1207 2143 1235 2188 ct
1258 2132 1436 2206 templorum,
1459 2141 1489 2187 nt
1512 2132 1686 2188 interficiant

385 2217 556 2278 innoeentes:
587 2217 633 2290 qui
662 2218 824 2273 insidiantur
853 2219 930 2291 qnasi
961 2218 1003 2273 leo
1033 2219 1058 2273 in
1088 2217 1217 2291 spelunca
1240 2235 1302 2278 sua.
1332 2217 1426 2289 siquos
1449 2225 1551 2290 queant
1573 2216 1686 2291 laqueis

384 2302 440 2355 snis
465 2302 592 2357 iniicere?
623 2304 770 2375 Quousque
798 2303 946 2358 videbimus
974 2301 1043 2358 mala
1065 2302 1157 2375 gentis
1179 2309 1282 2357 nostran
1310 2310 1338 2356 et
1367 2302 1541 2357 sanctornm?
1572 2301 1686 2375 Exurge

382 2386 491 2441 domine
513 2387 593 2448 dens,
622 2395 649 2441 et
677 2386 813 2442 exaltetur
841 2404 936 2442 manns
959 2396 1020 2443 tna:
1049 2378 1162 2442 contere
1193 2379 1332 2442 brachium
1356 2394 1528 2459 peecatorum
1552 2395 1581 2440 et
1604 2386 1687 2442 inali-

358 2471 539 2541 ·gnantium!
1554 2475 1556 2477 ’
1649 2520 1655 2529 ,
1695 2487 1721 2535 aa

449 2550 546 2630 [aaut]
592 2571 642 2610 nn.
671 2556 747 2611 Dum
775 2558 968 2627 delinquimus,
998 2575 1036 2612 on
1063 2558 1125 2611 solo
1151 2557 1226 2626 fides
1253 2557 1359 2626 absque
1388 2556 1522 2625 operibns
1544 2555 1688 2625 conferat

383 2641 512 2693 arelatem.
581 2655 631 2695 or.
657 2639 688 2694 Et
711 2640 775 2713 quid
798 2640 905 2696 tandem
928 2640 999 2696 alind
1016 2640 1147 2696 habemns
1163 2640 1467 2712 magissaerosanctnm
1484 2656 1565 2712 quam
1582 2639 1686 2695 iidem?

384 2721 461 2777 l'olle
485 2722 576 2783 fidem,
600 2723 664 2799 qnid
687 2722 759 2779 aliud
782 2732 825 2779 est
846 2725 1068 2781 christianismus
1091 2743 1172 2798 quarn
1195 2724 1336 2779 vanissima
1360 2724 1539 2796 superstitio?

450 2800 548 2882 [etth]
616 2824 664 2862 nn.
690 2807 826 2874 Quaedam
850 2817 944 2864 autem
967 2813 1028 2865 eius
1048 2812 1164 2881 pencris
1184 2817 1266 2874 sunt,
1297 2815 1328 2863 ut
1348 2810 1374 2863 si
1395 2810 1521 2863 marimo
1543 2824 1615 2864 vera
1639 2826 1687 2865 es-

384 2898 460 2955 sent,
490 2909 545 2946 non
573 2894 746 2961 expediebat
773 2895 904 2965 inperere
933 2896 1054 2950 auribus
1077 2895 1188 2965 populi.
1255 2909 1307 2948 or.
1336 2893 1427 2953 ..Unde
1450 2892 1520 2953 baec.
1548 2910 1582 2948 en
1605 2903 1720 2950 munes

387 2992 474 3048 nuper
496 2976 653 3048 prudentia.
677 2976 766 3032 subita
790 2978 924 3051 imperitia
947 2979 1014 3034 tibi?
1047 2979 1117 3033 nude
1141 2978 1279 3033 ruditas?”
1313 2977 1376 3050 qnid
1400 2986 1489 3032 tamen
1512 2977 1566 3033 dici
1589 2987 1686 3051 potest

384 3076 501 3132 unquam
525 3061 611 3133 magis
635 3061 760 3134 impium.
785 3061 969 3137 irreligiosum
992 3071 1020 3118 et
1043 3063 1186 3118 frivolum?
1219 3062 1278 3118 h'on
1301 3061 1461 3135 expediebat
1481 3062 1595 3117 dicere?
1629 3064 1686 3118 Cur

385 3161 440 3198 non
462 3144 638 3218 expediebat?
662 3145 765 3212 Quibus
787 3164 855 3220 ergo
878 3149 979 3223 scripta
1002 3148 1082 3202 sunt?
1106 3156 1139 3202 an
1163 3146 1277 3202 eruditis
1300 3155 1328 3202 et
1350 3145 1538 3201 sacerdotibus
1554 3151 1684 3203 tantum?

384 3229 436 3283 Sed
459 3229 506 3304 qni
529 3239 592 3285 sunt
616 3229 653 3285 illi
677 3232 850 3287 sacerdotes?
873 3232 936 3289 hnic
958 3232 1182 3306 postremissimus
1206 3231 1293 3286 turbae
1316 3230 1393 3285 licuit
1415 3237 1519 3286 tanturn
1536 3231 1617 3292 scire,
1642 3240 1684 3286 at-

386 3313 472 3368 tonsis
494 3333 598 3371 comam
621 3325 648 3370 et
671 3316 777 3371 unctis?
801 3316 851 3371 Sed
875 3317 936 3389 qnis
960 3317 1039 3372 iussit
1061 3315 1114 3371 hoc
1135 3315 1280 3371 discrimen
1304 3315 1405 3370 inferre
1428 3315 1456 3369 in
1478 3314 1612 3388 populum
1627 3316 1717 3377 ilciao

385 3406 415 3452 nt
437 3400 492 3453 sint
515 3399 622 3471 quidam
647 3401 698 3455 rasi
722 3408 749 3455 et
773 3418 826 3456 non
850 3402 917 3463 rasi,
947 3401 1055 3474 quidam
1077 3400 1152 3455 uncti
1175 3409 1203 3478 et
1226 3417 1280 3454 non
1304 3399 1392 3460 uncti.
1422 3399 1532 3472 quidam
1554 3400 1632 3456 docti
1655 3410 1682 3455 ct

386 3483 500 3544 indocti.
523 3502 583 3539 cnm
608 3492 697 3540 tamen
719 3485 786 3540 iteris
808 3503 902 3541 ornnes
926 3486 1021 3542 lecerit
1043 3485 1245 3546 theodidactos,
1270 3501 1363 3539 ornnes
1386 3484 1495 3539 unxerit
1516 3485 1682 3541 credentes?
1742 3514 1752 3519 ·’

385 3569 424 3620 hn
454 3585 504 3641 pro
534 3569 650 3624 attonsis
681 3578 784 3624 tanturn
813 3578 855 3625 est
891 3578 1015 3626 mortuus
1043 3570 1184 3624 Christus?
1217 3587 1251 3624 an
1288 3585 1342 3623 non
1371 3586 1423 3641 pro
1452 3568 1580 3624 onrnihus
1609 3587 1682 3625 mor·

386 3659 448 3706 tuns
477 3656 538 3706 est?
569 3671 602 3707 an
632 3671 686 3708 non
716 3671 809 3709 omncs
837 3654 946 3710 volebat
976 3654 1044 3711 scire
1073 3653 1256 3726 evangelium,
1286 3652 1356 3708 scire
1384 3651 1495 3707 verbnm
1525 3671 1621 3715 suurn.
1651 3662 1682 3709 nt

384 3753 434 3808 per
455 3736 671 3793 consolationem
694 3739 890 3811 scripturarum
914 3757 989 3812 spem
1013 3738 1177 3794 habeamus?
1200 3736 1268 3804 Quid
1291 3754 1358 3810 crgo
1381 3754 1436 3792 nou
1460 3737 1568 3810 expedit
1586 3751 1712 3794 omnesne

385 3820 454 3875 seire
478 3822 550 3893 quod
574 3821 697 3876 omnibns
719 3822 821 3878 dictum
845 3832 887 3878 cst
910 3832 938 3878 et
960 3824 1092 3896 seriptum
1115 3831 1144 3877 et
1166 3823 1193 3877 in
1217 3839 1271 3894 quo
1294 3820 1413 3877 omnium
1436 3821 1510 3876 salus
1527 3823 1680 3895 pendebat?

385 3920 418 3957 an
442 3905 527 3963 lorte,
552 3922 585 3958 ne
607 3905 773 3978 imposturas
797 3915 900 3962 vestras
923 3908 1088 3965 rideremus.
1113 3898 1212 3980 quibus
1235 3906 1385 3978 torquetis,
1409 3906 1534 3967 llcetitis.
1557 3924 1681 3962 corrum-

385 3986 463 4059 pitis,
488 3988 658 4060 pervertitis,
682 3990 854 4051 anbrertitis.
878 3992 1045 4048 conhmditis
1061 3999 1088 4047 et
1105 3991 1240 4047 involvitis
1256 3991 1421 4063 scripturas.
1445 3999 1476 4045 nt
1491 3989 1572 4046 liceat
1588 4009 1680 4065 quarn·

384 4071 431 4126 diu
455 4072 624 4144 tyrannidem
648 4090 789 4135 exercere.
812 4075 945 4132 dominari
969 4077 1029 4132 fiilei
1053 4085 1156 4132 nostran
1179 4084 1207 4131 et
1230 4083 1357 4147 tanquam
1381 4076 1471 4129 latnos
1495 4074 1631 4131 infatuare
1654 4083 1680 4130 et

385 4155 541 4210 dementare
564 4159 631 4211 nos?
661 4157 759 4235 lfernm
785 4159 840 4216 hoe
868 4162 919 4215 iam
948 4161 1048 4216 dndnm
1070 4160 1311 4234 deprehendimus:
1342 4176 1453 4231 operam
1475 4158 1585 4215 ludetis.
1630 4174 1709 4233 agen

385 4248 489 4299 tamen,
513 4240 577 4312 quid
599 4241 691 4297 doceri
714 4250 823 4316 poterat
846 4243 1002 4318 religiosius
1026 4263 1106 4319 qnam
1130 4263 1161 4300 ex
1184 4244 1242 4299 sola
1265 4242 1316 4298 hde
1340 4260 1390 4298 nos
1421 4242 1577 4306 iustificari.
1606 4245 1679 4299 Chri·

385 4332 456 4379 stum
492 4326 610 4397 peccatis
638 4328 741 4382 uostris
770 4346 830 4384 esse
858 4330 1022 4403 propitium,
1052 4347 1103 4402 pro
1131 4329 1211 4384 nobis
1240 4328 1336 4383 orare?
1371 4345 1451 4400 quam
1478 4336 1510 4382 ut
1545 4328 1679 4384 diseamus

383 4410 417 4464 de
446 4408 524 4465 nobis
552 4409 690 4472 diffidere,
720 4412 828 4467 Christo
859 4413 1008 4474 confidere,
1037 4413 1204 4469 voluntatem
1233 4411 1335 4467 nnllam
1364 4411 1443 4467 nobis
1473 4411 1588 4468 liberam
1612 4430 1678 4471 esse.

385 4494 430 4549 sed
455 4494 534 4550 rrobis
558 4496 645 4550 omnia
669 4497 836 4570 dispensari,
865 4515 916 4553 nos
944 4515 1005 4553 esse
1034 4497 1104 4553 lilios
1133 4506 1160 4553 ct
1188 4514 1275 4570 genus
1297 4496 1353 4557 dei,
1383 4495 1506 4551 haeredes
1528 4496 1631 4552 Christi
1653 4504 1679 4552 et

384 4580 442 4639 dei,
467 4578 598 4652 templum
621 4581 735 4654 spiritns
758 4582 857 4643 sancti,
881 4581 914 4637 ab
939 4582 999 4655 ipso
1022 4591 1120 4638 unctos
1143 4591 1170 4638 et
1193 4580 1375 4637 sanctificatos
1399 4581 1425 4634 in
1448 4598 1536 4652 genus
1552 4580 1709 4641 eleetunnrs

386 4664 490 4736 regium
515 4671 541 4718 et
565 4665 751 4721 sacerdotale?
782 4666 833 4740 ipsi
856 4685 917 4722 esse
939 4684 1030 4722 enrarn
1053 4667 1086 4722 de
1110 4666 1204 4727 nohis,
1233 4683 1283 4720 nos
1312 4683 1371 4718 esse
1394 4664 1525 4739 piqiulnm
1550 4666 1623 4726 eius,
1653 4673 1679 4719 ct

385 4766 448 4804 (rives
471 4751 585 4821 pascnan
601 4749 677 4805 eins?
705 4768 766 4822 enm
790 4768 850 4806 esse
872 4751 1015 4806 authorem
1038 4749 1172 4806 bonorum
1196 4750 1315 4806 oninium
1339 4758 1366 4803 et
1388 4749 1534 4810 malornm,
1563 4749 1631 4804 nihil
1654 4750 1678 4802 in

388 4862 588 4873 --ν-*-

451 4927 515 4978 ³iis
535 4933 561 4977 3.
614 4929 815 4997 ⁹negligemus
835 4936 858 4980 1.
869 4935 893 4980 3.
965 4930 1015 4964 ¹2¹³
1033 4932 1147 4995 laerym.
1168 4935 1193 4981 3.
1264 4929 1286 4961 ²²
1304 4930 1356 4979 fide
1378 4932 1435 4979 m.
1505 4928 1527 4960 ²³
1546 4931 1679 4981 Christia-

385 5013 514 5060 nissirnus
534 5015 558 5059 1.
612 5012 634 5043 ²⁵
652 5013 741 5080 Unde]
761 5016 874 5079 Expost.
888 5019 911 5077 §-
928 5016 984 5066 165.
1038 5014 1060 5047 ³²
1078 5016 1268 5067 therdidactos
1288 5017 1347 5065 1,3.
1367 5016 1579 5066 theodidactons
1598 5018 1624 5064 2.
