4367 6084
519 703 591 775 312
693 716 892 766 ccuxxxsu.
914 729 1034 765 seorsum
1048 729 1152 764 causus
1166 713 1309 764 uovuusvs
1323 729 1497 764 Asl’nolxzs
1511 730 1645 765 nussum.

519 891 559 948 El
573 897 670 947 tornea
685 888 744 946 laiac
759 888 797 945 de
816 904 851 945 re
870 889 921 943 ric
940 887 1033 944 tribus
1051 886 1146 944 rabis
1162 889 1350 960 expostulavi
1362 899 1493 954 coram:
1502 894 1592 960 alque
1607 889 1633 944 is
1646 889 1710 945 risu
1728 903 1823 945 uere-

519 992 617 1050 cundo
637 992 779 1062 confitens
795 988 929 1061 sactum,
957 988 1114 1062 respoudit
1132 990 1362 1048 secretariorum
1388 990 1509 1047 incuria
1532 991 1718 1048 commissum
1744 1006 1821 1048 esse.

522 1093 582 1151 Nec
600 1100 668 1166 post
688 1092 780 1149 ullum
805 1090 915 1148 addidi
931 1090 1063 1161 uerbum,
1094 1091 1180 1147 nomo
1199 1091 1340 1157 incinitis,
1369 1089 1425 1148 lcoe
1445 1092 1541 1163 ipsum
1563 1093 1652 1149 etiam
1672 1092 1821 1150 dissimu-

453 1197 599 1259 §.amians
616 1194 697 1266 ortod
724 1192 761 1250 de
787 1193 851 1266 ipso
877 1194 1058 1266 suspicarer.
1110 1191 1227 1251 Accidit
1255 1191 1294 1248 ab
1324 1192 1425 1250 eodem
1456 1199 1526 1266 past
1552 1193 1698 1266 quiddam
1726 1196 1824 1251 multo

522 1297 671 1368 incivilius
692 1310 731 1352 ac
756 1293 829 1377 milri
849 1295 1062 1367 periculosius,
1095 1294 1207 1366 dequo
1228 1299 1326 1351 tamen
1354 1309 1507 1367 nunquam
1534 1297 1736 1368 expostulavi,
1763 1312 1843 1354 nees

453 1406 519 1456 Μω-
532 1401 629 1456 minus
650 1397 764 1454 anricus
784 1397 955 1469 esseorum,
977 1396 1032 1453 sed
1051 1397 1169 1453 cautior
1188 1411 1251 1453 esse
1270 1395 1398 1454 deerem.
1443 1411 1532 1468 quam
1553 1410 1624 1454 ciero
1643 1412 1701 1453 non
1723 1399 1822 1456 amice

518 1500 595 1573 fecit
616 1500 668 1571 quei
684 1498 827 1572 decerpta
849 1514 889 1556 ex
911 1497 994 1556 libris
1016 1498 1088 1555 meis
1109 1497 1211 1554 odiosa
1238 1499 1305 1554 loeo
1331 1499 1418 1555 vertit
1445 1499 1476 1554 in
1497 1499 1631 1569 linquam
1655 1498 1819 1556 Germani-

522 1617 588 1660 cam
610 1606 639 1658 et
660 1595 831 1672 emrlpauit?
860 1605 892 1656 ot
909 1614 964 1671 epo
984 1600 1038 1657 illa
1058 1601 1146 1670 arduo
1167 1613 1227 1656 non
1250 1600 1446 1673 scripseram,
1468 1616 1562 1673 neque
1583 1600 1715 1658 amabam
1736 1601 1820 1657 nuda

521 1705 590 1776 leai.
633 1718 700 1760 cum
718 1701 774 1759 noa
795 1717 909 1774 quiaque
923 1702 1034 1776 paucis
1050 1700 1147 1759 veroa
1160 1716 1219 1774 per
1237 1701 1388 1773 epistolam
1402 1703 1590 1774 expostulari
1605 1703 1636 1758 in
1652 1701 1733 1759 nanc
1747 1719 1819 1759 sen-

524 1809 660 1874 tentiam,
689 1804 789 1860 ‘audio
808 1803 863 1861 icoc
882 1802 935 1860 obs
955 1808 983 1860 te
1001 1801 1135 1873 sactum,
1159 1801 1300 1874 fortassis
1319 1804 1376 1860 ista
1395 1801 1478 1874 sacis
1500 1804 1596 1860 amieo
1623 1805 1739 1873 animo,
1765 1803 1850 1861 sedo

526 1912 589 1978 ‘epo
608 1905 728 1978 paudeo
747 1906 819 1962 meis
837 1905 963 1962 inimicis
985 1920 1043 1962 non
1058 1920 1122 1963 esse
1136 1910 1250 1961 tantum
1269 1905 1383 1976 inperii
1394 1904 1438 1961 ad
1452 1901 1644 1963 ludendum'.
1690 1905 1750 1964 nac
1763 1920 1820 1963 es-

455 2016 523 2064 ssst.
526 2009 728 2082 postulatione
743 2011 895 2065 contentus
907 2023 1018 2081 possus
1033 2021 1098 2064 sum
1112 2021 1234 2064 manere
1250 2008 1409 2079 pristinam
1424 2007 1594 2064 amicitiam.
1641 2004 1717 2075 Queat
1734 2006 1820 2064 liuius

521 2110 642 2183 pencris
661 2107 785 2180 sarmatas
812 2124 1042 2167 commemorare
1064 2102 1204 2182 possem?
1231 2123 1285 2165 nec
1313 2109 1368 2165 ulli
1392 2113 1490 2166 tomen
1517 2107 1619 2165 adnue
1644 2109 1822 2166 renunciaui

525 2213 702 2280 amicitiam,
736 2227 790 2283 epo
818 2212 867 2269 ille
896 2212 1023 2269 incivilis
1049 2216 1079 2268 et
1105 2209 1294 2267 inhumanus.
1339 2208 1446 2282 quodsi
1468 2210 1624 2282 qumquam
1652 2208 1823 2267 nuusmadi

523 2312 640 2385 sactum
657 2315 748 2370 ultum
767 2313 841 2370 milri
858 2329 925 2371 tuere
935 2314 1029 2386 possit
1050 2313 1229 2386 impinaere,
1249 2309 1370 2382 sareoor
1384 2311 1483 2367 omnia
1498 2325 1560 2368 esse
1581 2325 1654 2367 aera
1676 2327 1746 2382 quoe
1763 2325 1847 2369 ea-rs

457 2417 700 2473 §.ssslnmniutnr
717 2415 871 2472 Huttenus
916 2412 1060 2484 Proscrat
1083 2415 1176 2485 ipitur
1202 2413 1268 2471 illos
1293 2413 1404 2469 amicos
1428 2413 1481 2484 qui
1502 2411 1643 2469 muscata
1666 2412 1731 2482 tide
1751 2407 1822 2471 mili

520 2515 683 2591 perfidiam
707 2516 861 2591 obiiciunt,
888 2521 917 2572 ct
940 2514 1037 2586 focile
1063 2517 1124 2573 illis
1147 2530 1178 2571 os
1198 2513 1348 2571 oocuraoo.
1397 2511 1508 2581 Quodsi
1524 2513 1597 2571 nini
1618 2516 1820 2588 permitterem

526 2619 642 2690 quiduis
665 2617 702 2675 de
724 2617 854 2675 Huttena
873 2616 1036 2690 suspicari,
1060 2615 1308 2689 quemadmodum
1326 2614 1383 2672 sibi
1398 2615 1544 2688 permittit
1562 2615 1681 2688 quidor's
1702 2618 1773 2675 oicii
1785 2617 1822 2674 de

526 2735 572 2776 mc
587 2721 781 2789 confirmare,
803 2719 978 2791 suspicarer
999 2718 1079 2774 itlius
1100 2734 1163 2775 csse
1183 2723 1391 2786 commentum,
1413 2717 1524 2789 quoties
1543 2717 1586 2772 ait
1606 2715 1747 2786 ‘Quidam
1770 2718 1821 2775 di-

459 2828 527 2877 §.sss
542 2817 638 2890 runi,
661 2821 775 2877 ‘audini
795 2821 825 2876 in
852 2815 977 2885 Gallia';
1004 2820 1076 2890 quin
1097 2818 1185 2876 addit
1207 2813 1389 2876 somnium?
1414 2814 1528 2875 Triouit
1545 2817 1619 2875 milri
1635 2820 1747 2890 alarice
1765 2818 1859 2890 [ιι-το

527 2938 641 2995 manue
668 2923 744 2978 sitim
773 2919 989 2996 inesplcbilem.
1034 2919 1075 2978 ld
1101 2922 1129 2978 si
1151 2935 1251 2979 cremum
1273 2926 1360 2990 esset,
1385 2920 1446 2977 iam
1468 2920 1537 2977 olim
1564 2935 1610 2977 me
1635 2919 1824 2979 addixissent
1875 3000 1877 3003 .

528 3024 672 3082 Romanae
699 3025 809 3082 eurioe:
837 3021 1019 3094 offerebatur
1046 3024 1151 3094 inpens
1170 3022 1278 3094 plorioe
1301 3038 1392 3095 sepes.
1436 3021 1658 3079 admiscuissem
1675 3037 1724 3080 me
1744 3025 1826 3081 aula

530 3126 690 3196 Caesareae,
717 3140 775 3198 auo
797 3140 855 3184 non
876 3126 966 3183 semel
985 3130 1104 3182 uocatus
1121 3139 1203 3181 sum:
1231 3125 1409 3198 accepissem
1428 3121 1571 3194 [artimus
1598 3139 1636 3181 aa
1663 3124 1837 3197 dipnitatcs.

528 3244 596 3302 puto
618 3226 839 3299 offerebantur:
869 3227 1041 3298 deiecissem
1064 3231 1242 3297 arpumenta
1264 3226 1425 3298 mapnifica
1453 3240 1491 3283 ac
1513 3224 1699 3299 plausibilia.
1744 3244 1827 3285 nunc

529 3331 674 3389 recusatis
690 3330 887 3403 pertinaciter
908 3328 954 3385 liis
976 3343 1043 3400 pua
1062 3327 1206 3399 ploriosos
1224 3324 1358 3396 faciunt,
1381 3327 1541 3398 inplorium
1562 3327 1656 3384 orium
1671 3329 1826 3387 mordicus
1835 3344 1877 3388 τε

459 3440 634 3503 susteneo,
656 3437 685 3490 et
705 3434 735 3489 in
759 3431 805 3489 nts
820 3445 921 3488 ttersor
937 3430 1119 3502 arpumcntis
1133 3443 1201 3500 quae
1215 3428 1366 3485 minimum
1380 3427 1489 3485 labent
1504 3430 1714 3495 ostentationis.
1747 3430 1828 3488 Nam

530 3535 688 3605 Hutteaus,
711 3534 831 3607 opinor,
854 3547 949 3589 meum
972 3532 1105 3588 animum
1125 3546 1166 3587 ex
1185 3543 1240 3587 sua
1260 3531 1394 3600 metiens,
1416 3545 1474 3586 non
1495 3529 1598 3588 madet
1613 3530 1766 3590 minanti·
1781 3549 1828 3592 me

524 3636 707 3710 perlibenter
721 3635 777 3691 noc
797 3633 940 3706 quicquid
961 3631 1055 3689 liabeo
1075 3630 1172 3703 samec
1187 3631 1402 3704 depositurum,
1424 3633 1452 3688 si
1471 3631 1581 3701 liceret,
1604 3633 1685 3705 quod
1704 3636 1734 3692 si
1746 3637 1827 3694 seis-

530 3753 590 3794 sem
620 3738 689 3793 olim
716 3741 858 3807 quantum
886 3748 959 3791 onus
987 3735 1025 3791 sit
1047 3731 1151 3804 sama,
1180 3737 1319 3804 sequutus
1345 3729 1470 3802 fuissem
1491 3733 1569 3790 illud
1588 3733 1717 3807 Epicuri
1738 3724 1827 3795 λα’θε

461 3826 674 3913 §.suspicione
720 3834 790 3892 ‘Sed
813 3836 891 3892 iacto
914 3835 1087 3908 principum
1111 3833 1154 3890 ad
1174 3848 1220 3893 me
1239 3836 1354 3904 literas,
1379 3839 1409 3891 et
1428 3836 1556 3892 aliorum
1578 3835 1616 3894 de
1635 3836 1709 3895 meis
1733 3840 1867 3897 lucu-so

528 3938 711 3995 orationibus
726 3932 976 4010 praedicationes.
1021 3953 1060 3994 ea
1082 3952 1118 3994 eo
1133 3937 1317 4010 pronunciat
1337 3952 1384 3995 me
1399 3952 1462 3995 esse
1475 3937 1679 4010 vanissimum,
1702 3939 1760 3998 lsoc
1773 3947 1825 4011 est,

529 4039 746 4108 inanissimum,
776 4052 846 4094 nam
875 4037 908 4094 id
934 4039 1069 4112 suspicor
1097 4039 1179 4096 illum
1207 4039 1324 4095 sentire.
1369 4036 1435 4097 Imo
1460 4039 1512 4096 uix
1520 4037 1657 4117 profero
1677 4039 1825 4099 &dmum

596 4254 607 4285 ⁵
630 4256 664 4305 de
689 4271 741 4320 quo
759 4252 819 4320 ete]
844 4255 941 4305 Scelus
965 4257 1059 4320 itaque
1083 4256 1160 4304 alind
1184 4256 1324 4319 aliquam
1343 4255 1413 4320 quod
1432 4270 1489 4319 seq.
1510 4261 1635 4305 enarrat:
1655 4273 1718 4307 nam
1738 4259 1772 4308 sle
1793 4276 1824 4309 eo

530 4342 793 4407 expostulationem,
817 4346 847 4388 ut
865 4341 1040 4389 Alticismum
1065 4341 1267 4421 admirarentur
1289 4339 1424 4400 lectores,
1448 4339 1551 4390 litteris
1574 4341 1731 4403 mundavit,
1758 4343 1824 4393 illud

529 4427 671 4476 incivilius
691 4442 725 4475 uc
742 4424 926 4491 periculosius
946 4425 1047 4474 callido
1067 4425 1147 4489 tegit.
1195 4424 1270 4487 ⁷qni
1290 4424 1351 4473 dcc.
1375 4423 1435 4488 etc]
1460 4425 1529 4474 Rem
1547 4431 1643 4474 narrat
1661 4427 1731 4476 mihi
1749 4435 1824 4478 cerlo

528 4528 583 4561 non
601 4517 694 4560 uotum
721 4517 759 4567 et,
785 4516 815 4558 ut
838 4509 959 4571 videtur,
986 4509 1037 4557 soli
1057 4509 1172 4557 Erasmo
1196 4508 1359 4556 meticuloso
1382 4508 1554 4558 horrendam.
1613 4509 1634 4540 ¹⁸
1652 4512 1689 4560 cf.
1710 4513 1824 4579 Expost.

529 4601 554 4660 ξ,
569 4595 625 4645 lll.
640 4613 680 4660 sq.
697 4595 752 4644 1¹20.
807 4592 828 4625 ¹⁶
846 4593 887 4643 illi
909 4597 931 4641 1.
945 4610 1001 4659 sqq.
1021 4593 1088 4641 mihi
1107 4595 1176 4642 onais.
1192 4593 1216 4639 1.
1229 4608 1286 4657 sqq.
1335 4590 1356 4623 ¹⁹
1374 4593 1523 4657 Exposug.
1538 4591 1579 4642 89.
1631 4591 1654 4626 ω
1672 4595 1773 4663 somn]
1797 4598 1825 4646 Si

528 4687 592 4748 post
610 4681 790 4745 compositum
808 4679 958 4744 Spongiam
976 4678 1092 4727 vixisset
1111 4679 1266 4738 Hutteaus,
1296 4678 1438 4726 Erusmum
1457 4692 1506 4742 pro
1527 4679 1641 4728 somniis
1663 4681 1825 4733 testimonia

529 4767 636 4825 Ruzaei,
656 4765 753 4813 Burloei
773 4763 942 4827 aliorumque
962 4767 1140 4825 accepturum
1160 4762 1246 4810 inisse
1264 4761 1375 4810 dubium
1394 4762 1462 4810 milri
1481 4777 1534 4810 nou
1554 4768 1606 4811 esi.
1662 4761 1686 4796 ²⁰
1704 4765 1824 4831 Tribultl

528 4851 641 4914 Expost.
655 4850 677 4908 ἕ.
692 4848 733 4898 34.
748 4853 776 4897 et
794 4848 906 4911 passim.
933 4847 1008 4896 Idem
1028 4847 1099 4895 iacit
1118 4847 1237 4896 maxima
1255 4850 1425 4909 posterorum
1443 4861 1522 4910 pars,
1542 4848 1665 4897 Erasme.
1713 4847 1737 4882 ²⁸
1756 4850 1825 4915 qnod
1845 4870 1850 4881 ·

527 4935 551 4982 si
569 4931 628 4996 eto]
648 4933 707 4981 Non
726 4948 768 4980 mo
788 4932 917 4980 contineo
937 4931 1002 4994 quin
1021 4946 1054 4979 ex
1071 4931 1167 4979 Plauti
1185 4929 1312 4980 Glorioso
1330 4929 1551 4995 Pyrgopolinicis
1576 4931 1643 4983 illud
1667 4935 1825 4984 adscribam

529 5018 655 5081 ‘Nimiast
673 5016 785 5063 miseria
808 5015 890 5063 nimis
913 5013 1055 5078 pulchrum
1075 5005 1135 5063 ess'e
1154 5014 1308 5064 hominsm'.
1366 5014 1388 5045 ‘⁹
1406 5007 1481 5064 lu'ile
1499 5013 1537 5080 li]
1566 5015 1689 5067 latenter
1712 5020 1824 5069 vixeris.
