4367 6084
515 723 588 793 278
688 736 888 785 [fccxxxlss.
910 751 1029 786 spossus
1044 729 1146 786 n'sssm
1161 751 1304 787 Anvtusvs
1318 751 1488 786 suranorum
1502 750 1635 786 nurum.

516 908 676 976 ltlrenano,
709 907 840 964 scribens
861 909 978 966 interim
1000 911 1105 967 amicis
1126 909 1261 980 Hntteui,
1294 916 1328 967 at
1347 909 1421 967 milui
1439 925 1505 967 eum
1534 909 1682 965 mitterent
1707 921 1805 979 puem-

516 1010 675 1067 admodum
696 1018 762 1065 erut
781 1009 904 1081 scriptu.
941 1010 996 1066 noe
1014 1012 1059 1075 ita
1078 1009 1196 1081 fuctum
1216 1029 1279 1069 esse
1301 1014 1428 1085 inpenue
1446 1010 1558 1082 serteor.
1595 1009 1650 1066 seri
1670 1007 1808 1081 quilinio

518 1120 561 1170 est
576 1111 711 1184 peccati,
739 1112 767 1165 si
786 1110 949 1169 tletectnlus
973 1127 1037 1169 sum
1059 1114 1182 1184 epistola
1207 1130 1274 1186 pute
1291 1114 1481 1186 festivitatem
1502 1111 1630 1169 lubebat
1649 1125 1719 1168 cum
1741 1111 1808 1165 nul-

451 1215 576 1272 sss-tus
597 1210 726 1281 insumiu
749 1208 957 1268 coniunctum?
989 1213 1147 1286 Aliquanto
1166 1222 1234 1287 posl
1249 1215 1364 1287 prodiit
1389 1215 1505 1272 libellus
1525 1228 1668 1283 excusus,
1704 1211 1811 1267 ualens

519 1315 686 1386 complures
714 1313 854 1384 epistolas
879 1312 1030 1383 famosus,
1060 1315 1213 1373 olrscrenns
1245 1332 1283 1374 ac
1309 1319 1489 1381 virulentus·
1521 1315 1674 1387 inpetatur
1700 1312 1831 1370 zitrenus-⁵

519 1415 600 1472 realis
615 1430 729 1486 puopuc
744 1414 921 1483 ridentibus,
941 1415 995 1472 secl
1011 1422 1109 1473 lamen
1126 1415 1272 1489 frequens
1288 1417 1473 1475 eruditorum
1491 1417 1651 1482 sodalitas,
1673 1430 1741 1486 quta
1757 1421 1813 1471 tum

520 1516 694 1574 persoluetur
714 1517 745 1572 iu
766 1515 879 1572 nulibus
901 1516 1053 1587 Propertii,
1083 1519 1236 1576 testabitur
1257 1535 1303 1576 nre
1326 1525 1385 1576 tum
1408 1518 1553 1591 probasse
1569 1516 1759 1588 festivitatem
1785 1517 1814 1571 in

522 1619 619 1674 rrrrrltis
639 1618 783 1689 epistolis,
816 1616 871 1674 secl
889 1618 1048 1675 tirlmnussc
1068 1622 1235 1693 eaeruplum
1258 1623 1383 1679 vicissim
1403 1620 1525 1678 aliunde
1547 1622 1577 1676 in
1605 1620 1680 1695 alios
1708 1634 1814 1674 recur-

454 1728 623 1776 §.stsurum
633 1740 645 1786 ,·
662 1734 717 1775 uec
733 1734 862 1790 uuquam
878 1721 966 1777 uiliter
974 1720 1105 1793 probari
1117 1737 1182 1801 eum
1198 1721 1336 1779 libellum.
1375 1719 1602 1779 Troducebatur
1615 1721 1678 1777 illic
1695 1717 1814 1775 Reuelr-

521 1822 601 1878 linus
622 1821 780 1877 hereticus
802 1823 878 1889 iaco,
904 1821 959 1878 secl
979 1828 1075 1879 lumen
1105 1823 1337 1890 trarlueelatur;
1368 1829 1397 1881 el
1421 1822 1552 1879 arbitror
1578 1838 1633 1879 uec
1660 1822 1758 1894 ipsum
1784 1828 1915 1876 earn

522 1921 620 1979 libella
640 1922 825 1979 delectatum.
874 1921 931 1978 Utri
956 1902 1107 1980 retlissem⁸
1120 1927 1150 1981 in
1175 1922 1389 1995 Brnlmutium,
1418 1925 1498 1981 sensi
1519 1925 1677 1997 plerosque
1705 1922 1816 1992 coufir-

524 2040 608 2081 mure
628 2039 723 2081 rrreum
744 2039 807 2080 esse
827 2030 1028 2081 commentum.
1067 2026 1203 2097 equidem
1223 2041 1281 2083 nou
1304 2025 1479 2098 ipnoralutm
1507 2031 1641 2094 autores,
1671 2038 1743 2080 uam
1760 2030 1818 2086 tres

521 2123 618 2196 fuisse
634 2122 829 2193 ser·eluntur·,·
850 2126 880 2181 in
904 2126 1048 2183 nerninem
1070 2124 1206 2183 deriuari
1224 2129 1315 2184 ullmn
1331 2129 1543 2200 suspicionem,-
1565 2132 1678 2182 tanturn
1695 2126 1818 2197 epistola

525 2228 614 2283 missu
633 2225 677 2282 all
701 2226 864 2282 (lusorium
886 2227 1080 2300 suspicionem
1101 2226 1216 2298 salsam
1239 2243 1258 2284 a
1280 2244 1326 2285 me
1346 2229 1458 2301 depuli.
1497 2226 1544 2283 Ea
1566 2228 1690 2300 epistota
1714 2224 1819 2296 furtim

526 2327 676 2399 descripta
699 2326 827 2384 Colonia
848 2343 917 2385 mos
939 2345 1052 2385 extersa
1074 2334 1118 2386 est
1138 2330 1223 2402 lppis.
1271 2329 1414 2398 titulante
1440 2335 1484 2386 est
1509 2329 1670 2386 admissum
1690 2320 1899 2398 flammis:

528 2428 587 2486 ties
608 2428 681 2485 milri
699 2444 766 2485 ture
788 2429 978 2501 displicebat:
998 2429 1112 2502 satsum
1131 2432 1326 2504 suspicionem
1343 2447 1362 2487 u
1379 2447 1425 2489 me
1442 2430 1559 2503 depuli,
1582 2430 1698 2486 neruine
1715 2435 1819 2485 notato.

460 2546 478 2594 §-
486 2545 519 2586 ss.
529 2531 676 2586 Successit
696 2545 765 2586 mou
788 2531 865 2587 ulter
886 2530 1001 2588 libellus
1019 2534 1141 2599 similis‚·
1167 2549 1232 2590 eum
1253 2533 1327 2589 milri
1347 2532 1471 2588 loronii
1491 2530 1568 2588 douo
1589 2529 1821 2587 obtulum‘ucci-

524 2648 599 2705 pere
620 2632 765 2688 recusari.
804 2632 942 2687 recusuri
967 2640 995 2689 et
1024 2632 1159 2705 tlinlopos
1188 2635 1297 2691 similes
1320 2633 1421 2705 ferme
1446 2639 1514 2705 post
1537 2647 1663 2689 euersos
1686 2631 1820 2697 Colonia,

528 2748 583 2788 nec
605 2746 734 2802 terronam
755 2732 853 2801 tepere
875 2733 1016 2803 elipnatus
1038 2750 1112 2792 sum.
1150 2735 1189 2792 El
1209 2736 1276 2793 itleo
1298 2735 1477 2793 ‹ltlmnalrum
1496 2735 1575 2803 leuc,
1598 2732 1679 2805 quod
1695 2731 1822 2788 airlerem

529 2833 604 2890 rittu'l
622 2833 707 2888 utirrtl
728 2832 774 2888 llis
795 2832 882 2889 rebus
904 2833 1000 2904 tritici,
1021 2837 1080 2892 nisi
1100 2837 1181 2909 ortotl
1200 2837 1283 2894 boum
1304 2839 1398 2895 litera
1419 2841 1448 2893 ct
1468 2852 1561 2893 causo
1585 2834 1749 2907 Capuiouis
1769 2847 1915 2889 tro-rr

530 2938 651 2991 curetur
681 2935 711 2989 iu
741 2934 857 3003 odium,
888 2941 916 2993 el
944 2934 1038 2994 nostes
1064 2939 1320 2997 enocerlmrentur
1342 2940 1437 3009 mapis
1458 2953 1547 3010 qaam
1575 2937 1824 3009 opprimeremur.

463 3062 521 3110 cpe,
535 3034 675 3104 (lucentem
695 3033 758 3105 luit
778 3034 827 3092 liic
848 3036 1032 3097 imbecillitas
1060 3055 1124 3097 meo
1152 3049 1204 3098 aul
1230 3035 1449 3098 inconstantia?
1482 3038 1565 3095 Euiit
1586 3042 1656 3094 arete
1677 3036 1824 3093 biennium

530 3137 681 3207 dirumpas,
704 3139 887 3207 rullianus,
911 3140 944 3195 ni
963 3138 1076 3210 fallar,
1109 3142 1306 3199 IIoclrstratus
1331 3157 1436 3211 opttus,
1470 3141 1522 3213 qui
1541 3140 1639 3197 rideri
1656 3145 1775 3211 poterat
1796 3138 1824 3192 iu

527 3241 659 3311 pralium
684 3255 779 3296 ineam
809 3241 947 3314 scriptus.
995 3259 1092 3301 nonne
1119 3249 1288 3302 constanter
1316 3251 1347 3300 et
1367 3245 1475 3316 palam
1504 3243 1586 3299 illurn
1617 3240 1762 3296 damnaui
1789 3255 1826 3295 aa

532 3340 626 3398 nraais
649 3340 782 3397 orunilms
809 3343 856 3414 epi
876 3349 908 3398 ut
928 3341 1137 3416 premeretur?
1169 3344 1244 3403 Hac
1264 3361 1283 3401 a
1305 3361 1351 3402 me
1372 3360 1430 3401 nan
1449 3345 1526 3415 pupi
1551 3343 1608 3400 stoi
1627 3343 1765 3400 conscius
1785 3347 1914 3398 cuz-2

464 3448 561 3521 met
580 3443 632 3514 otri
650 3443 770 3515 scripsit
789 3442 942 3515 cliolopnm
963 3454 992 3504 ct
1013 3449 1065 3519 qui
1084 3449 1131 3504 illi
1146 3445 1209 3517 suit
1227 3449 1257 3504 in
1278 3447 1408 3504 consilia.
1447 3445 1526 3504 Ecce
1545 3451 1642 3502 autem
1658 3444 1749 3500 aliurl
1762 3443 1827 3499 eri-

531 3559 596 3601 men
624 3545 770 3601 atrocius:
801 3544 839 3602 lu
868 3548 992 3619 epistola
1016 3549 1148 3621 quenulam
1178 3544 1274 3606 scritto
1298 3548 1467 3620 Capitonem
1495 3548 1523 3603 in
1553 3547 1646 3603 literis
1670 3544 1827 3602 Hebraicis

532 3646 688 3701 doctiorem
701 3643 873 3704 Ilcuclrtiuo.
908 3648 1001 3706 Deum
1018 3652 1219 3719 inmortalem,
1235 3656 1363 3722 pronatus
1378 3649 1428 3707 liic
1442 3648 1555 3706 oscitat
1572 3647 1736 3720 trnptetlios
1747 3643 1826 3702 Hat-

531 3753 627 3814 tenus‚
648 3746 776 3816 perinde
798 3750 885 3819 prensi
904 3750 1048 3808 nominem
1071 3768 1181 3810 uenena
1202 3766 1361 3809 necassem.
1399 3751 1517 3807 Constat
1535 3748 1715 3821 Cupuioncm
1734 3747 1826 3819 priu-

532 3848 626 3918 cipern
649 3844 746 3915 fuisse
774 3849 939 3907 lr'tcraturoe
967 3852 1126 3911 Hebraicis
1153 3853 1238 3927 opud
1267 3853 1430 3910 Germanos
1458 3848 1676 3909 instaurantia.
1721 3864 1762 3903 aa
1785 3847 1902 3902 illim¹

533 3946 741 4003 dedecorosum
761 3946 859 4016 suan
879 3953 906 4007 si
926 3955 992 4023 ouis
1013 3955 1155 4013 succerlal
1174 3971 1208 4013 eo
1229 3949 1364 4012 doctior?
1395 3969 1449 4024 epo
1470 3954 1565 4023 mapis
1588 3950 1750 4022 plariasum
1773 3964 1829 4003 ar-

533 4047 634 4105 lritror.
681 4049 792 4104 utinam
824 4066 879 4106 seu
910 4055 993 4112 milia
1017 4057 1180 4114 succedunt
1211 4059 1264 4129 qui
1288 4071 1333 4113 me
1365 4056 1445 4112 omni
1476 4053 1577 4111 lanais
1603 4066 1717 4123 peuere
1740 4064 1829 4122 prte-

532 4154 673 4216 curronl‚
707 4149 795 4206 etiam
828 4157 1023 4226 superstitem.
1079 4159 1125 4214 An
1160 4160 1248 4215 tusus
1275 4163 1319 4215 est
1350 4156 1501 4230 Capuan,
1531 4156 1559 4211 si
1589 4168 1656 4211 ciem
1687 4153 1771 4208 illum
1800 4151 1828 4206 iu

521 4266 605 4307 urce
634 4251 742 4320 plorire
772 4254 956 4327 collocarint,
991 4258 1160 4331 Capitonem
1194 4260 1239 4316 itti
1265 4257 1448 4331 pruferam,
1487 4259 1517 4313 in
1544 4256 1646 4312 ¹literis
1680 4254 1831 4310 duruerat

467 4381 526 4430 spu,
539 4348 714 4410 Hebraicis?
750 4353 811 4411 Seu
841 4357 1091 4429 obscurissimum,
1129 4362 1239 4433 iuquit,
1274 4361 1419 4418 nominem
1457 4335 1622 4415 clarissimo
1660 4363 1877 4428 comparasss

535 4454 596 4511 Nec
630 4460 690 4512 tum
722 4464 789 4514 crol
819 4460 960 4519 obscurus
993 4462 1112 4535 Cupito,
1154 4462 1208 4519 serl
1239 4460 1504 4520 laerrlrrau'uncnlis
1535 4458 1597 4515 suis
1629 4456 1736 4515 rrobitis
1768 4463 1831 4513 erut

534 4558 619 4629 upum
644 4556 793 4625 eraclitus:
823 4571 851 4618 el
879 4564 906 4619 si
931 4563 1040 4635 suisset
1066 4563 1233 4634 obscurior,
1266 4569 1347 4619 tanto
1374 4563 1470 4633 mapis
1496 4565 1563 4617 erat
1584 4558 1720 4616 candida
1748 4571 1830 4630 pru-

535 4660 682 4716 elie-unone
712 4660 742 4715 iu
772 4663 866 4722 lucem
896 4665 1109 4740 proferendus.
1141 4664 1202 4721 'Ila
1234 4669 1294 4722 tum
1326 4663 1405 4721 sensi
1429 4662 1467 4719 tle
1495 4661 1651 4734 Capitone,
1685 4676 1741 4718 uec
1772 4658 1832 4715 sine

539 4827 740 4836 *—

605 4924 655 4956 ¹²¹¹
675 4941 717 4988 ep.
732 4920 766 4972 ud
779 4916 892 4982 Cusum]
913 4919 937 4968 (1.
954 4917 993 4968 16.
1007 4919 1075 4981 Aug.
1091 4935 1116 4967 u.
1134 4913 1402 4981 1517.scripta.v01.
1418 4915 1438 4962 1.
1453 4931 1478 4978 p.
1494 4911 1551 4961 1⁴9.
1565 4926 1605 4975 sq.
1660 4910 1680 4942 ¹⁸
1699 4901 1829 4973 dialogos]

538 5009 685 5072 liiulognm
700 5008 766 5055 mire
781 5005 910 5054 festivum
924 5009 971 5051 etc.
986 5002 1214 5067 etllinlogasVII
1229 4987 1329 5052 testiv'e
1344 4998 1483 5058 cuminos,
1498 5013 1572 5061 steps
1586 4996 1660 5043 inter
1673 5010 1734 5059 epp.
1744 4993 1831 5041 obsec:

538 5094 605 5142 virs.
619 5093 760 5156 repetitos
813 5087 835 5118 ²¹
854 5087 890 5136 cs.
905 5088 1017 5152 Expost.
1032 5088 1072 5146 ἕὲ.
1084 5086 1125 5137 93.
1140 5103 1198 5152 sqq.
1251 5083 1274 5116 ³³
1293 5079 1422 5150 supersu]
1443 5082 1541 5142 Immo,
1561 5078 1766 5143 dirumpereris.
