4367 6084
592 741 752 791 cccvsslt.
772 754 875 789 snnsni
890 755 953 788 nos.
967 754 1003 788 nn
1016 748 1168 788 ntnnnnvit
1181 753 1224 787 ns.
1239 755 1265 787 n.
1278 747 1312 788 ²5.
1327 754 1411 788 nens.
1428 746 1487 787 titt.
1606 723 1684 797 179

390 929 447 971 naa
466 918 575 990 cantu,
598 914 774 987 priusquam
788 911 858 968 nebo
876 910 1035 968 terribilem
1058 908 1132 968 bello
1150 911 1277 968 sonitum.
1292 915 1485 968 taratantara
1506 910 1596 983 dieat,
1619 913 1684 971 oel-

389 1017 430 1073 nti
452 1016 549 1073 missis
572 1021 663 1088 patre
688 1018 809 1088 patrato
837 1027 875 1070 ac
902 1009 1015 1081 feciale
1041 1011 1162 1068 seeretis
1183 1011 1275 1068 literis
1298 1011 1341 1067 ad
1360 1027 1406 1069 me
1427 1010 1519 1070 libere
1540 1018 1569 1070 et
1589 1013 1684 1072 amice

387 1115 572 1190 perscribere
592 1113 667 1188 quid
687 1114 725 1172 de
742 1128 788 1170 ine
809 1113 861 1170 tibi
880 1113 1009 1171 delatum
1033 1114 1086 1189 sil,
1112 1117 1166 1169 aut
1180 1112 1255 1185 quid
1271 1113 1388 1170 omnino
1410 1114 1447 1170 sit
1465 1113 1546 1186 qnod
1557 1116 1681 1172 eetelce-

388 1225 432 1274 rel
451 1217 584 1274 oriinnnn
605 1223 703 1272 tuam:
732 1230 810 1271 neem.
828 1215 906 1287 ipse,
934 1215 975 1271 ita
999 1229 1045 1273 nte
1066 1213 1140 1272 deus
1161 1212 1233 1271 bene
1262 1222 1354 1286 annet,
1382 1230 1440 1273 non
1461 1230 1579 1287 possum
1602 1215 1737 1276 diri-§.a

371 1333 481 1385 ,nares
504 1331 563 1374 non
586 1315 684 1373 dubito
705 1317 776 1389 quin
797 1317 849 1374 tibi
863 1332 924 1389 per
944 1316 1042 1373 ornnio
1063 1317 1118 1373 sim
1136 1314 1363 1386 satisfacturus,
1382 1318 1442 1373 nisi
1458 1331 1584 1389 prorsus
1605 1317 1683 1374 alias

386 1434 447 1478 esse
468 1419 585 1491 rapisti
602 1432 691 1490 quarn
710 1418 778 1474 olim
795 1415 904 1487 saeris
952 1414 1084 1487 Utinam,
1107 1419 1149 1474 mi
1162 1415 1302 1487 Haltene,
1324 1416 1383 1474 non
1397 1416 1522 1475 haberes
1537 1420 1612 1475 cilios
1625 1417 1737 1482 iio-§.a

386 1525 441 1577 stes
462 1535 552 1592 qoam
574 1518 752 1586 Erasmam·
773 1519 886 1574 utinam
907 1515 1032 1574 tuberes
1053 1516 1196 1590 peticouid
1209 1517 1258 1576 Itic
1275 1505 1410 1576 inimicus
1423 1518 1476 1575 tibi
1487 1514 1588 1592 optat!
1606 1528 1681 1594 puta

387 1621 441 1680 boe
462 1621 516 1679 tibi
536 1621 573 1678 de
595 1618 711 1693 tripode
732 1619 851 1677 dietum.
897 1617 964 1675 Iam
986 1619 1014 1676 si
1033 1624 1060 1676 te
1079 1618 1118 1675 ab
1137 1619 1265 1677 instituto
1286 1636 1427 1678 reuocare
1443 1637 1499 1677 non
1513 1599 1608 1694 potest
1625 1627 1728 1678 eiecti

388 1724 491 1780 ueteris
511 1722 651 1779 amicitiae
673 1722 790 1792 relipia,
811 1736 867 1778 nec
888 1719 1052 1778 studiorum
1075 1721 1271 1778 coatmunium
1293 1723 1385 1792 ratio,
1409 1738 1463 1780 nee
1482 1721 1607 1779 bostium
1628 1738 1683 1779 eo-

340 1827 502 1898 ntuptas,
529 1824 627 1895 capita
648 1821 703 1880 boc
722 1838 778 1879 non
801 1821 989 1880 mediocriter
1009 1821 1053 1877 nd
1073 1827 1154 1878 tuam
1181 1837 1296 1895 quoque
1317 1825 1563 1881 existimationem
1583 1827 1683 1898 perti-

387 1940 474 1983 nere:
508 1926 575 1996 quis
599 1924 677 1982 enim
708 1939 765 1982 non
796 1923 1022 1981 desideraturus
1046 1928 1090 1980 est
1111 1921 1333 1995 humanitatem*
1348 1932 1377 1983 et
1399 1941 1511 1997 ponere
1536 1932 1565 1982 el
1590 1926 1683 1984 literis

390 2026 513 2098 dipnom
528 2026 559 2082 in
574 2023 716 2094 IIutteno,
739 2025 767 2082 si
785 2026 869 2083 nulla
887 2026 1041 2084 lacessitas
1062 2025 1175 2082 iniuria
1193 2023 1315 2095 serrum
1336 2026 1420 2084 letali
1434 2041 1543 2083 ueneno
1561 2028 1681 2085 tinctum

387 2129 516 2198 strinpat
542 2127 572 2183 in
600 2121 750 2184 audeam?
776 2140 830 2184 nee
855 2124 989 2196 sortasse
1016 2124 1156 2196 defuturi
1177 2131 1247 2183 sunt
1267 2129 1320 2199 qui
1336 2127 1554 2201 perpendentes
1575 2145 1632 2201 qno
1651 2131 1737 2187 inin

387 2235 463 2285 statu
485 2244 534 2285 res
554 2234 613 2286 tua
640 2235 709 2286 sient
733 2227 765 2286 in
784 2229 967 2301 praescribo,
996 2228 1184 2301 suspieentur
1207 2220 1269 2284 istis
1288 2228 1403 2287 nrte'bus
1419 2231 1560 2302 preedarn
1584 2231 1682 2290 unde-

330 2346 333 2347 ’
360 2345 503 2400 tecumque
527 2330 607 2401 peti,·
633 2335 663 2386 et
684 2329 852 2402 perieulum
877 2334 921 2386 est
946 2344 983 2384 ne
1006 2329 1092 2402 apud
1115 2331 1219 2386 multos
1242 2328 1358 2388 tarent
1377 2332 1562 2403 coniectura,
1591 2334 1682 2391 nimi-

388 2446 452 2487 rum
475 2432 507 2487 in
527 2428 707 2503 prosapiem,
729 2429 892 2488 abacelam
913 2437 942 2488 et
961 2430 1005 2487 od
1021 2436 1185 2488 extremam
1200 2447 1301 2488 rerum
1316 2433 1444 2489 omnium
1462 2435 1591 2506 inopiam
1605 2436 1681 2492 red-

388 2539 494 2590 actam.
538 2530 604 2588 Nan
625 2547 656 2588 es
682 2533 823 2604 ipanus,
851 2547 918 2604 pute
941 2529 1059 2601 sobuloe
1080 2534 1166 2604 uulpo
1188 2533 1226 2590 de
1244 2539 1272 2591 te
1289 2531 1447 2606 serantur,
1475 2551 1569 2607 neptae
1588 2539 1749 2594 neseistno.

387 2632 577 2706 quaniobrem
605 2631 658 2691 tibi
687 2637 861 2692 succenseat
889 2633 1019 2707 quidque
1046 2633 1100 2692 tibi
1123 2635 1273 2692 minitetur
1302 2651 1397 2694 comes
1424 2636 1594 2712 Palatinus,
1631 2639 1683 2710 (μα’

376 2733 425 2791 -de
435 2732 555 2804 famulo
576 2741 624 2793 tao
637 2736 761 2809 sumpsit
777 2735 883 2808 eapitis
897 2735 1085 2809 supplicium.
1129 2736 1260 2795 Proinde
1281 2739 1370 2795 nolim
1385 2740 1588 2811 interpreteris
1602 2739 1681 2798 bona
1691 2750 1709 2799 t.
1720 2753 1742 2792 tt

358 2850 484 2896 nmeam
510 2836 737 2894 admonitionem
764 2838 811 2894 ael
836 2850 856 2893 o
882 2841 959 2893 metu
986 2837 1032 2893 oet
1058 2852 1077 2893 a
1103 2840 1185 2895 mala
1211 2841 1390 2897 conscientia
1412 2842 1564 2914 proticisci
1580 2843 1681 2914 potius

387 2953 476 3010 quam
494 2936 532 2994 ab
553 2953 654 2995 amore
675 2938 731 3009 tui,
753 2952 856 3010 menete
874 2952 954 2994 nune
974 2952 1069 2994 meum
1089 2941 1242 3011 nepoeinm
1264 2957 1355 3012 apere
1373 2944 1469 3013 mapis
1484 2958 1573 3016 qnam
1588 2949 1679 3001 tumn.

388 3045 419 3096 ut
443 3039 624 3096 odiosissime
651 3039 779 3110 scribas,
809 3039 939 3112 primum
973 3054 1028 3096 nee
1053 3038 1158 3098 boram
1186 3042 1331 3099 titulorum
1353 3044 1521 3100 insolentem
1552 3024 1679 3118 impetes,
1691 3049 1709 3098 t.
1720 3051 1750 3092 ¹2·

387 3128 440 3198 neo
454 3141 572 3197 omrtino
587 3146 713 3206 muleeat·
735 3138 843 3197 deinde
860 3146 892 3197 ut
907 3139 1096 3212 atonescam,
1116 3148 1213 3200 tamen
1230 3144 1353 3214 prasius
1367 3145 1480 3201 laeseris
1494 3152 1574 3202 tuam
1589 3148 1681 3218 ipsias

387 3243 630 3300 existimationem
652 3258 741 3314 petam
768 3258 874 3300 nteam.
917 3257 1012 3314 quare
1034 3244 1122 3299 etiam
1142 3247 1233 3318 atoue
1258 3245 1345 3300 etiam
1372 3245 1453 3314 eide,
1481 3247 1523 3301 eni
1543 3244 1740 3316 Itnttenesu

359 3351 419 3399 not
439 3345 489 3402 liic
506 3351 586 3401 taam
605 3344 796 3416 praudentium
818 3344 848 3400 in
870 3343 1024 3400 consilium
1051 3343 1195 3401 adhibeas
1218 3347 1316 3419 potius
1343 3359 1432 3416 qnam
1449 3345 1611 3417 obsequere
1631 3350 1679 3404 le-

389 3446 569 3503 vissimorum
592 3444 740 3502 hominnm
766 3445 932 3519 cupiditati.
978 3443 1061 3502 Bene
1088 3447 1163 3502 etoile.
1209 3445 1340 3502 Ilasileee
1367 3447 1398 3502 in
1420 3447 1469 3503 die
1488 3462 1679 3519 prnaseenes.

389 3545 463 3605 tto
481 3545 609 3604 XXIII.

769 3648 902 3723 Enpecto
922 3655 1003 3706 titum
1025 3650 1297 3723 espostulationem

389 3748 591 3759 nna——

455 3846 476 3879 ¹²
494 3848 633 3899 lethalis.
688 3848 708 3881 ¹⁷
728 3847 841 3915 fabulae]
862 3850 985 3901 Erannos
1004 3855 1053 3900 oali
1071 3852 1120 3899 scd
1136 3853 1223 3900 elicere
1242 3865 1317 3898 austes
1336 3856 1442 3898 nonest
1461 3865 1528 3899 vera
1547 3851 1677 3911 criminin

386 3935 433 3982 secl
455 3950 487 3981 ca
501 3941 563 3997 post
581 3935 646 3999 bella
668 3936 717 3982 rite
741 3936 837 3985 indicta
858 3941 992 3985 secundnm
1013 3952 1096 3986 mores
1120 3940 1237 4002 leposque
1259 3937 1324 3984 illins
1346 3939 1468 3999 lentporis
1489 3952 1559 3984 resera
1581 3937 1679 3985 (aneilla

386 4015 550 4066 tendebantur.
588 4018 630 4068 cf.
648 4034 731 4083 supra
750 4035 822 4068 nuni.
843 4035 946 4069 consu.
966 4036 1102 4070 conssul.
1122 4037 1251 4070 ccnxxsu.
1306 4020 1326 4051 ¹⁶
1351 4018 1526 4085 comesPal.]
1546 4022 1680 4071 l'rnncisci

387 4102 566 4166 Siclsinpensis,
585 4107 659 4152 amici
677 4103 795 4160 Helleni,
819 4108 957 4153 acerranos
975 4105 1062 4157 tostis.
1134 4106 1153 4136 ¹⁰
1172 4107 1270 4155 sumsit
1288 4107 1313 4153 t.
1383 4102 1403 4136 ²¹
1422 4108 1564 4171 negotium
1582 4109 1607 4155 2.
1620 4123 1677 4172 sqq.

386 4181 406 4215 ²¹
425 4185 671 4252 existimationem]
691 4188 848 4252 Scriptorem
867 4190 1018 4247 interserant
1041 4192 1116 4239 eliam
1140 4191 1241 4239 crebrae
1262 4193 1427 4240 ‹tiberniones
1450 4195 1580 4255 inclitaeque
1592 4194 1677 4241 'adtrit-

387 4276 511 4327 rectiones,
532 4272 620 4336 quibus
639 4275 663 4319 in
679 4273 809 4335 prioribus
827 4277 915 4336 inrpiis
934 4274 1079 4338 litibusque,
1099 4281 1124 4323 nl
1142 4277 1168 4323 in
1187 4275 1250 4323 bello
1269 4282 1360 4324 contra
1378 4274 1468 4332 heum,
1488 4279 1591 4323 nnirnnm
1609 4293 1678 4324 sunm

387 4355 546 4404 deriinlserat.
617 4353 638 4387 ²⁰
657 4356 771 4405 Basilus
790 4359 818 4405 in
837 4358 882 4404 «lie
902 4359 1074 4406 l'orasceves
1093 4359 1152 4407 sivo
1171 4359 1213 4406 25.
1226 4359 1330 4407 Martii.
1352 4361 1410 4406 Μ.
1464 4354 1676 4406 21ΜΒΧΧΙΙΙΙ.

387 4441 443 4489 tt.
502 4441 580 4489 Anno
596 4439 668 4489 1524.
690 4442 716 4489 3.
768 4438 790 4470 ²⁸
809 4443 948 4504 Exspecto
968 4444 991 4488 b.
1015 4443 1108 4490 Verius
1127 4444 1236 4490 (linisset
1256 4441 1506 4493 vehementissimo
1526 4455 1613 4504 angor
1632 4458 1675 4488 ox·

386 4525 544 4587 pectntiono
558 4529 613 4574 tum
627 4525 865 4589 expostulationis.
879 4526 1007 4574 -Forte
1022 4525 1130 4574 fortuna
1145 4527 1239 4574 statim
1258 4523 1449 4586 subiungcnda
1468 4529 1510 4570 ost
1528 4529 1677 4586 expectato

387 4607 584 4673 expostulatio,
605 4624 685 4672 quom
705 4610 728 4657 si
747 4624 801 4657 non
819 4614 999 4673 provocasset
1010 4610 1155 4669 Erasmus,
1176 4611 1235 4672 ipse
1255 4608 1364 4671 quidem
1383 4607 1542 4671 prudentius
1561 4608 1674 4670 egisset,

386 4707 433 4742 nos
456 4709 523 4743 vero
547 4698 604 4742 tum
622 4690 759 4742 Ernsmiai
777 4700 834 4742 tum
852 4693 999 4742 llutteniei
1018 4693 1124 4756 ingenii
1142 4692 1374 4756 ptaestantissinin
1391 4691 1578 4754 descriptione
1598 4707 1674 4740 care—

387 4792 483 4827 remus
