4367 6084
585 705 755 761 ccxxxiv.
776 722 897 762 ararem
911 723 949 760 an
962 722 1093 762 cuneavit
1107 723 1164 761 irre.
1179 724 1221 761 se.
1236 724 1261 761 n.
1275 720 1401 763 armana.
1411 719 1469 764 isat.
1625 695 1672 769 45
1689 728 1691 731 ·

348 890 390 936 unt
425 875 528 958 {gare
556 881 623 949 ulli,
656 883 764 941 nedum
795 882 941 957 dignitatis
969 889 1027 941 tua
1049 882 1202 943 adsertori.
1248 882 1289 942 lle
1312 903 1414 943 caussa
1437 884 1554 963 uiridem
1577 884 1742 962 aquierere

382 981 510 1050 dubitas,
542 983 588 1042 rel
618 982 675 1042 hoc
705 983 793 1042 debet
819 984 926 1043 docere
949 992 977 1042 te
1000 983 1093 1061 qualis
1115 985 1152 1042 sit
1175 991 1233 1042 tam
1256 985 1361 1061 cupide
1384 985 1599 1045 ‹lanmationcm
1622 985 1675 1045 abs

383 1090 410 1142 te
425 1081 620 1158 flagitantium
642 1085 828 1144 inimieorum
851 1087 913 1145 eius
935 1084 1080 1153 studium,
1104 1092 1192 1162 atque
1215 1087 1267 1159 ista
1284 1086 1440 1145 ostendere
1457 1086 1507 1145 libi
1524 1089 1674 1147 conscien-

383 1186 451 1244 tiam
473 1186 705 1264 uniuscuiusque
726 1194 805 1246 tanta
828 1185 865 1245 ab
888 1187 1062 1245 adversitate
1091 1187 1154 1245 eins
1184 1185 1338 1254 exultatio,
1370 1193 1398 1244 ct
1420 1188 1473 1246 ista
1496 1187 1566 1246 nihil
1591 1188 1679 1255 dissi,

366 1285 530 1348 smulanter
552 1288 630 1346 edita
652 1307 668 1346 a
690 1288 841 1365 proposito
865 1288 959 1348 edicto
981 1287 1093 1355 laetitia,
1117 1289 1163 1346 isti
1186 1287 1302 1364 publice
1325 1286 1458 1365 plausus:
1482 1296 1562 1347 tauto
1584 1306 1674 1363 nego·

383 1390 426 1447 cio
449 1390 593 1448 instarent
616 1391 691 1448 euim
715 1389 792 1466 apud
816 1397 858 1456 te,
888 1392 913 1448 si
935 1390 1150 1449 accusationem
1174 1406 1257 1448 suam
1280 1389 1446 1448 huiusmodi
1469 1408 1533 1449 esse
1555 1391 1672 1456 scireut,

382 1498 414 1548 ut
441 1492 530 1549 etiarn
551 1490 749 1568 respondente
772 1510 807 1550 ex
830 1492 953 1550 adverso
977 1510 1028 1550 reo
1052 1490 1136 1551 lacile
1158 1491 1286 1568 probare
1309 1510 1373 1549 eam
1397 1490 1447 1551 tibi
1476 1489 1596 1551 liceret?
1623 1491 1742 1562 audi-w.

382 1609 440 1650 noar
465 1592 583 1651 tandem
606 1593 696 1652 scutis
719 1610 777 1650 non
800 1592 939 1651 indicium
963 1591 1015 1650 ahs
1039 1599 1065 1650 te
1089 1611 1147 1670 epm
1168 1591 1243 1651 male
1266 1594 1402 1651 rneritum
1426 1593 1530 1669 punias
1553 1611 1603 1651 eos
1624 1611 1675 1670 pe·

381 1700 459 1761 tere,
484 1693 535 1753 sed
560 1695 616 1752 iim
639 1711 695 1770 qua
718 1695 904 1753 innocentem
926 1695 1075 1770 opprimas
1091 1693 1266 1768 elllagitare,
1291 1713 1358 1753 cum
1373 1694 1430 1753 hoc
1445 1696 1675 1770 pertinacissime

346 1816 373 1856 ro
383 1794 565 1854 contendant
588 1812 624 1854 ne
649 1794 790 1854 accedere
813 1794 975 1854 Lutberum
999 1803 1049 1853 aut
1076 1811 1208 1853 caussam
1232 1812 1315 1853 suam
1338 1795 1436 1855 dicere
1458 1797 1609 1873 perunittas
1633 1797 1676 1855 rel

380 1894 505 1955 obiectis
533 1895 713 1973 respondere
742 1903 792 1955 aut
819 1895 855 1954 de
882 1896 1031 1972 imputatis
1060 1894 1231 1954 criminibus
1260 1897 1501 1971 expurgationem
1523 1897 1675 1956 admoliri't

333 2005 388 2050 11¹¹
429 1992 437 2080 Ι
475 1999 528 2073 ipsi
557 2016 627 2056 vero
654 1998 696 2056 sic
724 1997 940 2074 triumpharent
963 2016 998 2056 ex
1021 1995 1117 2055 edicto
1140 1995 1210 2064 hoc,
1239 1998 1264 2055 si
1286 1996 1355 2056 honi
1378 1999 1492 2056 essent?
1536 1996 1743 2075 Apagesistsr.

381 2098 535 2158 homiuum
558 2116 652 2173 genus
675 2099 941 2175 perversissimum,
972 2097 1051 2174 quod
1074 2096 1153 2156 trulla
1176 2097 1355 2158 humanitate
1377 2100 1547 2176 praeditum,
1576 2108 1676 2160 trucu-

382 2198 472 2259 lentia
496 2208 524 2259 ct
547 2201 661 2261 diritate
683 2217 738 2276 pro
761 2200 875 2261 brontia
899 2200 1034 2259 vitiorum
1058 2199 1086 2258 in
1110 2197 1203 2257 honos
1226 2199 1356 2267 desaevit,
1381 2201 1468 2279 idque
1489 2203 1532 2260 sic
1555 2202 1623 2261 lacit
1646 2209 1677 2261 ut

344 2305 374 2346 ¹⁵
384 2308 414 2359 te
436 2320 570 2380 quoque,
595 2302 677 2361 errius
699 2301 784 2361 nobis
806 2301 978 2361 existimatio
1002 2318 1080 2360 curae
1103 2318 1166 2360 esse
1188 2318 1305 2378 semper
1328 2300 1430 2368 dehet,
1453 2303 1481 2361 in
1504 2310 1618 2380 partem
1633 2304 1676 2362 in·

334 2411 381 2455 xxx
414 2395 422 2478 Ι
445 2403 539 2461 lamiae
562 2411 590 2461 ct
607 2402 759 2462 dedecoris
781 2420 882 2462 secum
906 2401 1069 2461 abstrahat!
1092 2402 1238 2480 apagesis!
1266 2402 1360 2462 Etiam
1383 2405 1583 2463 llomaneuses
1605 2405 1744 2465 istostsa.

386 2506 483 2568 mitte,
508 2505 557 2581 qui
581 2522 638 2562 non
662 2504 697 2563 ad
721 2503 777 2563 hoc
799 2510 957 2571 venerunt,
982 2509 1014 2562 ut
1035 2501 1079 2561 vel
1103 2504 1235 2562 amicitia¹
1258 2504 1308 2562 tihi
1331 2524 1398 2564 carm
1413 2507 1550 2583 pontiliee
1573 2506 1675 2565 autho·

385 2624 434 2664 res
456 2612 554 2664 essent
576 2604 618 2664 rel
642 2605 750 2683 aliquid
769 2597 802 2663 in
825 2622 980 2664 comnmne
1004 2603 1205 2671 consulerent:
1231 2607 1338 2666 curiosi
1361 2614 1389 2665 et
1411 2606 1610 2684 speculatores
1625 2608 1676 2666 ad-

384 2714 467 2773 sunt,
503 2708 553 2784 qui
582 2708 678 2766 omnia
711 2707 787 2765 dicta
814 2713 842 2766 et
868 2706 943 2765 sacta
973 2712 1071 2764 nostra
1099 2706 1254 2783 exquirant
1279 2726 1313 2766 ac
1339 2709 1520 2785 perdiscant,
1551 2716 1583 2767 ut
1609 2709 1676 2768 hinc

348 2808 509 2868 aollomam
532 2810 681 2868 nuncient.
727 2807 776 2868 ubi
805 2825 872 2867 cerm
894 2807 1058 2884 pericnlum
1082 2804 1146 2868 esse
1174 2809 1263 2867 sciret
1290 2810 1429 2886 providus
1451 2810 1525 2879 Leo,
1556 2810 1618 2870 hac
1635 2810 1676 2869 ad

386 2918 413 2969 te
436 2911 514 2969 misit
534 2911 657 2988 pignora
680 2928 745 2987 quae
766 2909 915 2987 negligere
938 2908 1021 2968 facile
1044 2914 1158 2987 pos'set,
1182 2910 1255 2969 duos
1276 2929 1398 2986 magnos
1413 2912 1591 2980 nebulones,
1615 2911 1677 2972 aliis

387 3019 472 3089 atque
495 3011 559 3071 aliis
580 3013 738 3071 instructos
760 3010 888 3078 artibus
911 3009 991 3070 lmus
1013 3010 1259 3071 dissiumlatorern
1281 3012 1376 3091 longe,
1390 3016 1614 3091 peritissimum,
1643 3014 1676 3074 il-

387 3110 445 3171 lnm
469 3113 498 3172 in
521 3130 608 3171 omne
631 3113 743 3172 lacinus
766 3112 905 3185 audacem
929 3119 958 3170 et
979 3113 1173 3190 praecipitem,
1198 3120 1336 3174 caeterum
1352 3122 1511 3193 utrumque
1526 3115 1605 3175 nulla
1622 3118 1676 3176 vir-

388 3215 454 3272 tutis
486 3212 831 3293 moderationisque!
864 3213 1001 3291 opinione
1028 3214 1193 3291 praeditum.
1237 3216 1332 3293 Atque
1358 3216 1389 3275 hi
1418 3216 1505 3276 officii
1527 3217 1743 3280 duxerunttaa.

356 3315 486 3374 aactnrnia
510 3315 587 3393 apud
610 3322 638 3374 tc
660 3314 802 3392 maligne,
826 3314 954 3391 perside,
978 3315 1076 3393 inique
1093 3322 1121 3374 et
1136 3333 1274 3392 perverse
1289 3334 1393 3394 agere:
1416 3333 1512 3394 neque
1527 3315 1611 3377 aliter
1626 3319 1676 3378 ad-

387 3415 443 3475 lmc
467 3415 604 3476 intellecti
627 3424 712 3476 sunt:
738 3435 807 3493 'quan
834 3423 938 3492 petunt
960 3435 1029 3476 vero
1052 3417 1075 3474 si
1099 3416 1141 3476 rel
1165 3424 1227 3475 arte
1249 3416 1294 3477 rel
1315 3415 1462 3477 blanditiis
1485 3407 1580 3478 minus
1603 3417 1677 3478 obti-

345 3574 353 3583 ,
388 3526 491 3587 noant,
521 3524 636 3578 terrore
663 3537 698 3579 ao
726 3520 811 3577 minis
834 3524 1009 3596 extorquere
1032 3523 1213 3586 statuer·unt;
1242 3518 1270 3578 id
1293 3517 1373 3596 quod
1396 3518 1474 3580 clare
1496 3520 1532 3579 de
1555 3540 1586 3580 se
1608 3538 1677 3597 pro·

345 3663 353 3669 s
388 3620 480 3681 lessus
507 3618 654 3680 Alcander
681 3620 735 3680 iste
762 3637 857 3696 nuper
886 3627 938 3679 est.
984 3618 1063 3688 Quos
1093 3618 1175 3679 taleis
1208 3619 1275 3679 talia
1310 3620 1521 3681 machinanteis
1549 3624 1744 3700 imponi-ter.

348 3731 392 3775 rm
426 3719 434 3801 Ι
456 3728 515 3780 tate
538 3721 605 3783 hinc
628 3719 703 3780 elabi
726 3722 871 3781 sinemus?
894 3720 939 3780 Tu
962 3721 1080 3798 quidem
1088 3756 1096 3790 ‚·
1118 3729 1152 3781 ut
1174 3712 1271 3792 rideo,
1295 3723 1387 3791 sines;
1416 3742 1518 3783 pertun
1540 3741 1605 3784 esse
1627 3724 1677 3784 ad-

358 3821 444 3881 aohuc
466 3823 496 3881 in
520 3814 676 3882 Germania
698 3822 831 3881 homines
853 3829 938 3898 puta,
968 3824 1017 3901 qui
1047 3824 1158 3882 etiamsl
1187 3831 1216 3882 te
1243 3824 1350 3884 ollendi
1379 3824 1414 3883 ad
1446 3832 1562 3903 tempus
1590 3827 1678 3905 (qtrod

389 3930 529 4000 perpetuo
560 3930 661 4000 postea
689 3923 791 4003 prosit)
822 3930 970 4001 oporteat,
1000 3923 1109 4002 aliquid
1138 3923 1231 3984 laudis
1260 3932 1288 3984 ct
1310 3924 1410 4002 gloriae
1432 3945 1533 3987 secum
1556 3929 1675 4006 agitent.

388 4023 473 4102 hique
497 4022 582 4083 sinml
606 4022 730 4084 achoni
753 4006 856 4084 oum'es
878 4043 993 4086 mecum
1016 4044 1095 4085 nunc
1117 4032 1145 4085 te
1174 4034 1258 4085 orant
1288 4034 1316 4086 et
1345 4027 1541 4099 obtestantur,
1571 4030 1607 4091 ab
1630 4041 1746 4091 enias

388 4143 453 4185 rore
483 4126 560 4185 malo
590 4135 619 4186 et
646 4127 812 4202 pernicioso
834 4143 868 4186 ac
896 4143 912 4184 a
945 4128 1079 4204 pessimis
1110 4127 1173 4186 istis
1206 4128 1423 4189 consultoribus
1450 4137 1481 4190 ut
1507 4133 1623 4193 avocari
1647 4141 1677 4193 te
1741 4181 1746 4189 .

388 4227 519 4303 patiaris,
544 4233 634 4303 utque
656 4235 813 4303 perspecto
836 4246 901 4304 quae
923 4229 959 4286 sit
982 4228 1146 4287 Germaniae
1169 4246 1247 4288 nunc
1262 4230 1365 4299 iacies,
1389 4232 1453 4309 quis
1469 4231 1600 4302 habitus,
1625 4233 1677 4292 ho-

360 4327 514 4388 aminibus
530 4335 558 4386 te
580 4327 786 4388 accommodes
809 4329 909 4405 quiet
932 4327 1019 4387 velint
1042 4337 1071 4387 et
1092 4329 1204 4405 possint
1227 4329 1305 4389 utilia
1330 4330 1382 4390 tihi
1404 4351 1438 4391 ac
1461 4332 1583 4393 honesta
1606 4352 1676 4393 con·

352 4437 400 4482 utu
437 4427 583 4512 {solere
605 4430 692 4488 etiam
715 4428 848 4497 consilia,
873 4447 939 4488 curn
963 4447 1036 4506 opus
1058 4431 1104 4498 sit,
1127 4430 1202 4489 lacto
1226 4433 1344 4509 exequi;
1369 4430 1531 4493 Lutberum
1553 4453 1622 4493 vero
1644 4444 1746 4496 uttso.

388 4532 497 4599 arulias,
521 4531 609 4590 etiam
630 4528 801 4608 diligenter,
824 4548 920 4608 neque
943 4548 1009 4590 eum
1031 4532 1125 4590 virum
1150 4550 1236 4609 quem
1259 4540 1412 4593 nocentem
1436 4534 1521 4593 etiam
1544 4541 1587 4594 lot
1602 4538 1676 4613 opti·

452 4697 631 4749 tlaetieier.
689 4697 944 4764 'eampr0b.6.7.
997 4698 1105 4764 liceret]
1124 4717 1233 4765 possem
1253 4704 1278 4750 3.
1336 4698 1354 4732 ¹¹
1374 4700 1545 4752 admorilir.
1592 4701 1614 4736 ¹⁴
1632 4705 1678 4755 de·

387 4784 458 4832 seuit
477 4785 502 4832 4.
556 4780 724 4833 ²⁰nuntient
743 4787 800 4833 6.7.
858 4782 877 4815 ²¹
899 4782 1154 4850 quoelqua1.6.7.
1218 4785 1393 4849 ”utrunque
1414 4788 1470 4835 6.7,
1535 4787 1677 4853 ²⁵porlide

388 4882 453 4917 corr.
468 4869 506 4917 H.
526 4884 654 4932 perverse
674 4870 733 4918 edd.
815 4867 954 4934 perverse]
974 4875 1063 4918 iterum
1081 4872 1106 4918 2.
1115 4872 1140 4917 4.
1160 4870 1306 4933 perfidiose
1326 4874 1350 4919 1.
1361 4872 1385 4919 3.
1395 4874 1418 4919 ὃ.
1428 4876 1451 4920 7.
1538 4871 1559 4903 ²⁸
1579 4877 1631 4924 istc
1651 4894 1676 4927 n.

387 4950 475 5001 hest
495 4954 521 5001 3,
575 4951 647 5001 tales
667 4955 725 5003 46.
779 4953 972 5003 machinantes
991 4956 1049 5002 do.
1103 4951 1124 4984 ²⁵³
1144 4955 1336 5018 impunitatem
1351 4960 1407 5006 dr.
1444 4960 1515 5005 tranlis
1528 4959 1678 5023 impunitos

387 5032 683 5089 ¹⁹³⁰adhucessed7.
722 5035 891 5103 ³²Hijque3.
928 5043 1008 5089 orant
1021 5035 1058 5107 et]
1072 5054 1111 5089 or.
1125 5042 1243 5103 atquea.
1279 5041 1462 5092 ³⁶consili03.
1500 5039 1676 5108 sitlsueritd.
