4367 6084
545 709 618 779 274
718 723 916 776 cccxxxllt.
938 740 1667 778 srosorsuunsmsovsnsvssseuuorsnsnvsrsnr.
1718 753 1754 765 ··

543 903 572 954 et
587 867 732 954 Ilattenus
753 898 826 953 satis
847 902 961 955 atroces
982 898 1167 970 scripserant
1181 900 1211 955 in
1226 897 1451 968 Hocbstratum‚
1473 899 1538 956 brec
1552 899 1642 957 uerba
1655 897 1831 967 subiecerim,

546 996 674 1055 ‘Harum
696 999 823 1056 omnium
844 1000 1074 1056 amrrrulentiom
1093 987 1175 1057 nullo
1190 1006 1282 1073 pacto
1300 982 1389 1069 serre
1403 1002 1577 1073 potuissem,
1599 1000 1658 1056 nisi
1673 1000 1787 1071 scripta
1801 1015 1832 1055 ea

428 1134 430 1139 .
477 1111 535 1161 §.su
547 1101 640 1173 ‘prius
660 1101 807 1169 iecissem,
829 1098 933 1171 quibus
955 1101 999 1157 ad
1018 1099 1099 1157 bario
1120 1102 1321 1174 intemperiem
1345 1101 1520 1158 uidebantur
1540 1097 1685 1171 efferati'.
1724 1099 1832 1156 llocte-

545 1218 601 1259 rores
622 1201 753 1272 epistola?
774 1214 847 1257 nicee
872 1201 960 1258 uerba
984 1203 1129 1259 recensui.
1173 1204 1239 1274 quis
1260 1211 1358 1260 autern
1379 1209 1534 1275 estusque
1558 1201 1635 1259 adeo
1662 1204 1708 1259 vel
1728 1203 1833 1258 nullius

545 1306 591 1361 nel
609 1303 745 1376 peruersi
769 1302 886 1372 indicii,
916 1310 947 1360 ut
976 1318 1033 1361 non
1065 1302 1164 1360 trident
1185 1304 1250 1362 nac
1269 1305 1343 1362 mibi
1362 1305 1444 1363 elicta
1465 1321 1506 1361 ea
1526 1301 1638 1374 affectu
1658 1302 1853 1370 lloclestratis

545 1407 596 1465 cui
621 1404 706 1462 baud
737 1402 824 1460 dubie
855 1405 1030 1462 videbantur
1055 1421 1092 1463 eu
1122 1406 1346 1463 virulentissime
1373 1402 1510 1479 scripta?
1550 1407 1635 1477 atqui
1660 1405 1716 1461 boc
1744 1405 1835 1476 ipsum

547 1507 627 1581 quod
647 1503 843 1562 Hoebslratus
864 1506 937 1564 mibi
956 1508 1094 1579 turpiter,
1117 1509 1148 1563 in
1168 1508 1263 1579 ipsum
1286 1513 1454 1579 retorqueo,
1476 1509 1528 1579 qui
1547 1508 1609 1588 suis
1624 1507 1746 1578 scriptis
1763 1521 1836 1562 cau-

479 1623 611 1671 §.rnsum
643 1605 759 1664 dederit
787 1612 847 1663 turn
877 1608 1073 1665 arnarulentee
1103 1609 1265 1680 scriptioni.
1312 1608 1451 1666 Eiusdem
1477 1607 1648 1682 prudentior
1675 1612 1732 1676 est,
1765 1604 1841 1677 puori

548 1725 637 1783 queem
660 1702 770 1765 alicubi
790 1682 918 1765 scribam
944 1724 989 1766 me
1011 1711 1058 1767 rei
1083 1709 1253 1781 llceolopicoe
1279 1709 1385 1766 rrtdem
1414 1726 1451 1768 aa
1477 1710 1588 1767 nultius
1609 1707 1729 1778 iudicii,
1758 1712 1841 1777 ropat

549 1812 627 1869 uncle
648 1809 721 1866 rnilu
742 1808 807 1865 baec
827 1823 903 1866 nouo
925 1810 1056 1882 ruditas,
1079 1818 1210 1868 autnon
1231 1812 1398 1882 intellipens
1418 1818 1471 1868 aul
1490 1815 1570 1868 certe
1584 1809 1778 1866 dissimulans
1795 1807 1870 1866 bien

548 1917 676 1972 aliorum
699 1925 862 1969 sermonem
882 1910 1010 1983 referri,
1039 1928 1097 1969 non
1119 1926 1230 1976 meum,
1259 1927 1316 1983 ouo
1334 1918 1432 1968 tamen
1454 1910 1559 1968 abutor
1580 1909 1624 1967 od
1643 1906 1839 1980 collipendmn

550 2016 584 2073 id
603 2012 684 2087 quod
704 2011 848 2068 adrasus
869 2012 948 2084 ipsos
967 2011 1062 2083 sarit:
1092 2019 1136 2071 est
1156 2020 1255 2070 autem
1273 2013 1328 2069 boc
1348 2013 1589 2083 efficacissimum
1611 2007 1843 2081 arpumenluuai

483 2132 657 2190 ponoenas,
681 2116 768 2171 telum
791 2113 829 2170 ab
850 2114 975 2171 inimicis
990 2121 1164 2188 porrectum
1187 2116 1217 2172 in
1238 2115 1317 2188 ipsos
1333 2121 1513 2185 retorquere.
1551 2111 1610 2170 Hic
1625 2113 1687 2169 scio
1708 2126 1756 2166 me
1777 2112 1842 2166 cla-

550 2216 641 2275 mabit
664 2213 811 2272 Iluttenus
837 2216 990 2285 artificem.
1034 2217 1092 2273 imo
1120 2215 1174 2272 boc
1202 2217 1233 2272 in
1261 2223 1327 2273 orte
1356 2215 1466 2272 elicitur
1490 2214 1658 2281 canalium,
1689 2211 1772 2284 quod
1795 2210 1845 2280 qui

550 2335 608 2376 non
632 2317 781 2388 iutellipit‚
805 2332 842 2373 ae
864 2318 930 2373 uelit
949 2317 1046 2375 uideri
1062 2316 1235 2399 facundus·
1268 2318 1348 2389 quod
1365 2319 1393 2374 si
1408 2316 1446 2374 ab
1465 2317 1521 2373 boe
1538 2312 1775 2386 arpumenlaruli
1788 2327 1843 2382 pe·
1853 2330 1915 2370 15-

552 2437 623 2478 nere
642 2435 696 2476 nec
719 2418 851 2475 Cluistus
869 2434 924 2476 nec
946 2421 1072 2491 aposloli
1093 2418 1311 2487 abstinuerunt,
1342 2433 1458 2490 (equum
1482 2423 1525 2474 est
1540 2414 1615 2471 milri
1628 2414 1702 2471 dari
1721 2416 1843 2471 ueniam.

485 2535 541 2583 §.sn
553 2523 614 2580 Seri
634 2522 730 2591 mopis
752 2520 912 2576 exulcerat
927 2521 1058 2576 animum
1081 2521 1160 2577 illiers
1181 2520 1262 2591 quoti
1281 2522 1312 2576 in
1331 2520 1436 2577 eadem
1457 2519 1590 2590 sequitur
1605 2517 1747 2588 epistola,
1774 2512 1844 2570 ‘Eas

553 2624 654 2695 ‘ipitur
676 2635 732 2677 non
755 2621 885 2692 simplici
903 2635 969 2677 cum
993 2620 1095 2679 dolore
1115 2622 1188 2692 lapi,
1219 2638 1299 2680 nuru
1327 2624 1446 2680 illorum
1475 2635 1555 2677 arou
1581 2625 1663 2675 tuam
1684 2618 1776 2675 uicem
1796 2618 1845 2673 in-

553 2724 737 2796 6εειηιέειίιε,
766 2719 889 2778 subinde
913 2726 1043 2778 nuluens
1071 2739 1109 2780 nc
1135 2721 1217 2779 bonis
1242 2728 1272 2778 et
1291 2723 1385 2794 repens
1407 2724 1478 2802 uiris
1499 2728 1558 2798 tam
1581 2718 1693 2777 acerba
1713 2718 1844 2776 contina

553 2829 621 2881 ‘non
647 2822 778 2878 oolnioo-
791 2824 821 2879 in
849 2822 1046 2880 immerentem
1072 2830 1205 2894 cornorta
1234 2819 1429 2882 uiderentur'.
1475 2821 1555 2891 (iaia
1573 2821 1623 2879 bie
1643 2819 1915 2878 stomachatum

554 2918 722 2982 Ilutlenus?
755 2924 890 2996 siprtilieo
911 2923 993 2981 bonis
1014 2930 1043 2980 el
1062 2926 1156 2996 aquis
1183 2927 1255 2983 uiris
1282 2926 1379 2983 rideri
1403 2940 1455 2982 eas
1476 2924 1616 2997 epistolas
1645 2937 1703 2979 non
1731 2923 1845 2978 omnino

554 3028 585 3083 in
615 3027 812 3083 immerentem
842 3027 981 3098 scriptas.
1026 3026 1089 3082 ‘scel
1110 3026 1224 3099 oblique
1251 3025 1334 3085 elicis'
1364 3028 1458 3099 inquil
1486 3031 1523 3084 ‘et
1548 3021 1697 3096 fipurate'.
1749 3037 1845 3079 aeriam

554 3130 597 3185 sic
617 3126 796 3201 cepeaiebnt
816 3143 916 3185 causae
933 3143 1022 3200 quam
1045 3128 1179 3199 opebom.
1222 3127 1260 3184 Αι
1278 3129 1394 3186 interim
1417 3143 1475 3184 non
1497 3126 1584 3184 babel
1604 3124 1686 3197 quod
1705 3129 1847 3195 prematur

556 3230 719 3287 lluttenus:
749 3231 940 3301 nequeenim
960 3230 1168 3301 ipsiimpinpo
1189 3230 1389 3302 intemperiem
1410 3235 1464 3285 aut
1477 3229 1651 3297 uanitatem,
1673 3226 1728 3283 secl
1744 3236 1848 3283 accerso

488 3331 776 3394 §.oslloebstratum
828 3330 969 3389 Fortasse
1000 3331 1044 3387 sic
1075 3345 1121 3386 me
1152 3330 1265 3388 volebat
1291 3330 1437 3388 Haltenns
1467 3328 1611 3398 seribere,
1639 3326 1876 3400 ‘Spurcissimarr

556 3432 694 3502 latrina,
717 3429 777 3489 turi
806 3433 900 3490 eredes
927 3433 1004 3488 oiros
1028 3431 1135 3488 beruas
1162 3434 1219 3488 tuis
1238 3433 1381 3490 merdosis
1406 3432 1513 3490 libellis
1543 3424 1740 3501 asperaeret’
1771 3427 1848 3484 For-

555 3536 633 3592 sitan
656 3535 699 3590 sic
725 3532 847 3590 decebat
872 3534 1001 3591 scribere
1025 3532 1200 3603 Huttenum,
1225 3540 1257 3589 ot
1275 3548 1334 3590 non
1358 3532 1480 3590 decebat
1501 3530 1680 3588 Erasmum:
1708 3532 1737 3587 si
1756 3543 1849 3587 sano-

557 3635 623 3693 bilis
641 3641 708 3692 crat
722 3633 932 3708 Hoclustrotus,
950 3640 1018 3691 erat
1040 3641 1112 3707 (epota
1130 3636 1273 3700 civilitas·
1302 3636 1347 3691 sin
1362 3639 1430 3692 erat
1444 3632 1632 3702 insanabilis,
1655 3633 1754 3703 mapis
1771 3633 1850 3688 illum

491 3735 645 3808 §coaptat
665 3734 752 3791 bonos
777 3734 927 3806 praocrbot
952 3750 1017 3793 meo
1042 3736 1184 3793 modestia
1213 3751 1302 3808 onam
1326 3742 1484 3807 praeesset
1508 3735 1663 3807 procacia.
1709 3734 1851 3790 laterum

559 3852 626 3892 cum
646 3837 670 3892 is
690 3837 781 3892 loeus
794 3835 838 3891 aei
858 3842 986 3907 quotuor
1011 3838 1089 3915 uiros
1110 3853 1151 3893 ee
1173 3854 1258 3911 cepuo
1278 3839 1455 3910 pertineret,
1481 3852 1538 3893 cur
1558 3850 1614 3892 nec
1636 3834 1770 3907 Capniou
1793 3849 1881 3892 ure-n

560 3952 649 4007 ortam
671 3934 801 4005 offensus
822 3942 877 4006 est,
905 3937 989 3992 cetius
1010 3939 1134 4011 epistola
1153 3940 1226 3996 mibi
1247 3956 1314 3996 vere
1335 3938 1523 4011 displicebat,
1545 3950 1604 3994 riori
1626 3935 1709 4007 quod
1727 3949 1854 4006 mapno-

556 4053 631 4108 pere
657 4037 786 4092 solicitus
810 4051 902 4093 essem
932 4038 1005 4108 orrici
1032 4039 1214 4097 scriberetur
1240 4041 1270 4097 in
1293 4039 1518 4108 Hoclestrotum‚
1549 4037 1604 4095 secl
1623 4036 1705 4110 quoti
1727 4036 1854 4093 αοιειεηι

560 4139 698 4210 optimum
720 4152 818 4194 senem
841 4137 884 4195 od
903 4145 1015 4198 tantam
1036 4124 1132 4198 aitiori
1150 4142 1403 4214 perturbationem
1420 4139 1613 4214 perductum,
1635 4121 1781 4210 permitam
1804 4139 1856 4194 illa

559 4254 627 4312 pree
653 4253 685 4294 se
709 4236 830 4308 serebat
855 4241 989 4313 epistola.
1037 4242 1098 4300 Cur
1127 4260 1185 4300 non
1212 4251 1256 4300 cst
1278 4242 1408 4313 allocutis
1435 4234 1607 4298 Busebius?
1645 4238 1725 4296 Nam
1752 4232 1857 4306 comes,

563 4343 609 4399 air
629 4342 843 4399 emunctissimo
863 4343 985 4414 irrdicio,
1015 4343 1176 4402 delectatus
1195 4350 1239 4402 est
1260 4346 1346 4402 eliam
1367 4346 1419 4401 illa
1439 4343 1578 4415 epistola,
1596 4346 1630 4397 et
1648 4341 1770 4411 pretias
1790 4343 1891 4411 epita

495 4443 644 4517 §.inuitari
668 4459 819 4515 nrumaom
840 4443 916 4514 fecit
936 4444 1141 4503 lloebstrutus.
1186 4445 1334 4503 Postremo
1354 4460 1411 4501 cur
1432 4443 1578 4501 Hutlenus
1598 4442 1658 4499 bac
1680 4442 1719 4500 ae
1744 4459 1780 4500 rc
1803 4459 1859 4500 non

564 4547 762 4619 eapostolnoit
788 4560 917 4620 mecum,
948 4562 1015 4604 cum
1043 4554 1119 4604 esset
1148 4548 1178 4603 in
1207 4541 1400 4605 brobemtio?
1436 4547 1496 4603 iam
1523 4546 1601 4603 eriim
1631 4544 1767 4602 uolumen
1796 4549 1863 4601 crat

564 4647 694 4704 restitum.
731 4645 795 4704 Hoc
809 4663 875 4705 eum
897 4622 938 4706 ita
958 4649 1150 4720 perspicuum
1168 4649 1219 4718 sit,
1241 4656 1274 4705 ut
1293 4651 1339 4706 vel
1359 4662 1453 4716 caeco,
1476 4646 1674 4719 quodetiam,
1699 4653 1863 4719 appareat,

564 4762 703 4820 quorsum
730 4750 834 4806 attinet
857 4751 907 4806 itte
931 4749 1085 4807 uerborum
1107 4751 1247 4807 tumultus
1267 4765 1352 4822 quern
1374 4749 1423 4807 bic
1446 4749 1557 4806 excitat
1576 4746 1724 4804 Huttenus
1746 4747 1786 4804 ele
1808 4763 1864 4805 sua

490 4902 496 4909 .
566 4851 627 4906 leni
647 4848 858 4923 recoderotoqne
883 4853 1055 4924 scriptione,
1086 4851 1124 4908 cle
1150 4850 1281 4908 mirabili
1305 4852 1359 4908 iila
1388 4846 1511 4907 ueritate
1534 4850 1619 4906 cuius
1641 4848 1750 4920 ubique
1772 4857 1898 4915 tenu-40

499 4950 700 5007 §.inanimus
726 4956 780 5018 est,
810 4951 847 5007 tle
874 4968 941 5009 meo
968 4953 1083 5009 leuitate
1111 4970 1148 5009 ac
1173 4947 1382 5010 sirmelutione?
1420 4950 1566 5008 Hellenos
1593 4965 1640 5007 nie
1668 4957 1777 5008 aratore
1806 4965 1863 5006 nou

568 5051 657 5122 erepti!
681 5067 742 5105 csse
772 5050 861 5106 bostis
890 5028 1082 5107 Hoclrstruto:
1117 5054 1175 5109 ium
1204 5053 1281 5110 ereim
1316 5051 1508 5124 Triumphum
1539 5052 1568 5107 in
1598 5066 1666 5107 eum
1697 5052 1867 5124 scripserat
