4367 6084
503 749 702 802 cccxxxln.
723 766 842 802 scortata
856 766 959 802 cousin
972 767 1117 804 unvensvs
1130 768 1304 804 coessentes
1318 769 1450 805 uvivum.
1553 741 1627 811 277

329 925 430 982 citiam
450 924 568 996 quicum
590 925 653 998 ipse
672 924 794 983 baberet
814 919 943 983 bellum?
969 924 1110 984 Liberum
1138 933 1182 983 cst
1201 924 1332 984 Huttena
1354 941 1459 985 antara
1481 944 1553 1000 quos
1573 945 1627 1000 epo

328 1042 385 1083 nan
406 1041 488 1095 ama,
514 1033 543 1083 et
562 1027 659 1084 odisse
678 1042 750 1098 quas
771 1042 824 1100 epa
846 1024 956 1098 dilipo:
982 1026 1059 1083 idem
1082 1028 1133 1088 ius,
1149 1043 1266 1099 aquam
1287 1034 1331 1086 est
1350 1034 1380 1085 et
1399 1029 1473 1086 mibi
1492 1031 1624 1089 concedi.

329 1127 528 1184 Cbristianum
550 1133 594 1185 est
613 1143 679 1184 cum
700 1129 781 1184 rtutto
803 1129 970 1185 mortalium
991 1127 1101 1185 babere
1114 1129 1304 1199 simultatem,
1323 1129 1484 1188 bumanum
1498 1138 1541 1189 est
1555 1136 1693 1189 canitis.

325 1229 353 1284 si
372 1228 503 1297 incidat,
533 1230 660 1286 ciuiliter
680 1245 824 1287 coercere
845 1235 874 1286 et
901 1244 991 1300 quum
1014 1231 1148 1302 primum
1169 1230 1238 1287 licet
1263 1231 1420 1303 deponere.
1465 1231 1505 1289 Et
1525 1238 1623 1290 tannen

300 1344 381 1388 inec
402 1345 528 1402 usquam
548 1336 681 1388 assentur
700 1329 891 1399 Hocbstrato‚
922 1345 977 1388 nec
999 1331 1161 1389 amicitiam
1183 1347 1249 1389 cnm
1272 1333 1434 1402 illusura,
1468 1349 1523 1390 nec
1545 1332 1625 1391 llut—

325 1436 424 1488 tenum
445 1433 505 1489 tillo
520 1438 614 1505 pacto
632 1434 763 1503 prauttui
779 1439 832 1489 aut
852 1433 927 1489 laesi.
973 1430 1067 1504 Atque
1089 1431 1151 1501 bic,
1177 1434 1205 1490 si
1224 1432 1319 1490 Musis
1337 1435 1453 1506 placet,
1483 1435 1644 1492 iudicauit.
1685 1496 1689 1507 x

324 1535 524 1605 tempestiuum
544 1540 677 1591 tractare
695 1536 790 1591 tactam
811 1546 992 1590 communem
1013 1532 1050 1589 de
1071 1547 1128 1589 uon
1144 1534 1313 1592 simulando
1325 1536 1354 1591 in
1371 1537 1514 1603 amicitia,
1538 1538 1626 1607 attasi

325 1635 448 1692 tiotetur
475 1637 605 1692 amicitia
626 1637 654 1692 si
673 1634 883 1693 Hocltstratum
904 1633 1019 1704 oblique
1047 1639 1179 1691 tractem.
1223 1634 1283 1692 Cur
1309 1651 1366 1693 uon
1394 1636 1497 1693 eudem
1527 1652 1621 1710 opera

323 1735 518 1808 reprehendit
533 1743 562 1794 et
576 1736 742 1810 Zopyrum,
763 1735 844 1807 quoa
863 1749 921 1793 non
944 1735 1120 1817 simpliciter
1139 1752 1170 1792 se
1182 1739 1308 1807 cesserit
1321 1736 1406 1809 apud
1418 1735 1622 1810 Bnimtonios?

300 1835 393 1894 alam
416 1852 485 1895 uera
502 1839 615 1896 ainwa
636 1839 757 1896 crimini
781 1839 858 1895 uelut
877 1838 970 1893 linum
992 1837 1053 1893 tino
1072 1839 1227 1894 connectit.
1267 1837 1305 1895 In
1331 1840 1455 1910 epistota
1474 1839 1517 1896 ad
1536 1839 1690 1897 Lau-§.⁸9-

299 1932 423 1995 'rinum
444 1954 542 2012 nuper
563 1939 653 1997 redita
677 1954 771 1997 narra
790 1954 848 2012 per
875 1937 1019 2009 quosdam
1041 1920 1189 1993 rumorem
1215 1936 1312 2008 fuisse
1333 1955 1487 2011 sparsum,
1516 1939 1621 1999 Hocb-

322 2044 449 2106 strtdum
474 2042 503 2096 in
525 2038 695 2098 Brabantiu
717 2041 864 2098 exussisse
886 2038 976 2096 libros
996 2053 1092 2104 meas,·
1120 2038 1154 2095 itt
1172 2041 1352 2113 interpretor
1370 2040 1486 2112 sactum
1509 2042 1547 2101 ab
1576 2043 1622 2100 bis

322 2142 376 2212 aui
395 2140 455 2199 bac
475 2141 581 2199 tecbna
602 2147 784 2200 conarentur
805 2156 851 2197 me
869 2154 1050 2213 prouocare,
1086 2146 1118 2196 ut
1142 2143 1245 2213 palam
1274 2143 1430 2200 inreberer
1459 2145 1488 2200 iu
1517 2143 1621 2202 Hocb-

321 2246 469 2308 saalum,-
502 2258 539 2300 ac
560 2259 597 2300 ne
618 2242 727 2300 tcedam
750 2257 849 2299 omncs
873 2242 926 2314 qui
947 2240 1058 2312 [nitent
1077 2240 1221 2305 Littbcro,
1251 2243 1331 2300 adda
1359 2259 1405 2301 me
1427 2247 1542 2302 nescire
1563 2261 1620 2317 quo

299 2344 442 2400 suaniae
463 2343 583 2402 debeam
605 2359 654 2401 eas
675 2345 846 2416 appellare,
874 2358 894 2399 a
913 2344 1062 2400 nartnullis
1084 2345 1187 2400 uocrrri
1207 2344 1409 2404 Littbcranas:
1432 2341 1620 2404 *sicutenim

321 2446 375 2516 aui
395 2444 451 2502 boc
473 2447 590 2503 nomine
612 2444 869 2512 commendantur,
903 2459 992 2516 quttm
1021 2443 1098 2501 nibil
1123 2446 1220 2503 minus
1245 2448 1305 2503 sint
1330 2462 1419 2519 quam
1445 2447 1618 2518 lutherani,

318 2543 457 2615 factiosi,
479 2546 604 2615 indocti,
625 2546 749 2619 stupidi,
778 2546 867 2603 malta
889 2547 968 2614 utto,
995 2544 1216 2616 obtrectatores,
1244 2547 1320 2605 nibil
1340 2547 1479 2606 babentes
1496 2549 1621 2607 Lutberi

321 2648 381 2704 nisi
399 2648 682 2720 antodmaledicuut
706 2649 842 2720 pontifici
868 2645 1011 2705 Romano.
1056 2646 1121 2714 Hae
1146 2654 1235 2706 totum
1264 2649 1410 2707 Huttenns
1437 2652 1498 2707 uitlt
1524 2666 1544 2706 a
1572 2667 1618 2708 me
1628 2662 1646 2711 t.
1654 2663 1686 2706 so.

321 2751 478 2818 confictum
506 2766 583 2819 esse,
616 2757 648 2807 ut
672 2751 703 2806 in
726 2749 912 2807 Lultteranos
936 2764 1069 2821 pnpnum
1100 2750 1279 2807 iracundum
1301 2753 1486 2823 strinpcrem.
1532 2754 1621 2825 Atqui

299 2849 398 2921 sauia
411 2849 490 2908 dicet
502 2849 661 2921 Habentes,
684 2853 712 2908 si
731 2850 780 2907 bic
796 2849 953 2923 proferam
977 2857 1092 2908 centum
1115 2857 1200 2908 testes
1221 2854 1274 2924 tpti
1289 2852 1415 2911 doceant
1428 2869 1494 2910 eum
1513 2869 1618 2911 rumo-

320 2966 385 3008 rem
407 2950 466 3009 lactc
485 2967 543 3008 nan
566 2954 655 3010 semet
676 2947 823 3010 attatum?
844 2952 918 3024 auid
938 2953 965 3009 si
980 2950 1140 3027 proferam
1161 2954 1300 3025 epistolas
1319 2955 1482 3011 amicorum
1498 2957 1551 3027 qui
1563 2955 1618 3014 boc

321 3051 365 3107 ad
383 3067 429 3109 me
448 3059 477 3110 et
490 3053 534 3110 ad
550 3055 624 3111 alios
643 3055 709 3112 item
725 3049 988 3127 perscripserunt?
1009 3048 1220 3124 *Perfricabit
1230 3052 1376 3124 frontem,
1394 3056 1508 3128 siquid
1520 3063 1617 3115 tamen

320 3154 366 3210 iili
382 3152 495 3237 frontis
513 3162 573 3212 est:
597 3155 671 3226 quid
691 3156 769 3212 enim
791 3154 878 3211 tttiud
891 3150 1006 3227 possit?
1037 3152 1164 3220 Tametsi
1178 3157 1258 3214 sotus
1276 3170 1330 3225 epa
1344 3156 1390 3212 itti
1406 3159 1523 3214 rumori
1534 3175 1617 3215 nun-

320 3270 410 3326 qnam
432 3255 560 3325 credidi,
583 3256 664 3328 qaod
684 3258 743 3314 tale
765 3255 840 3313 nibil
860 3254 1039 3313 scriberetur
1059 3272 1076 3312 e
1100 3254 1286 3329 Brabantia‚
1310 3257 1501 3315 etiamsinon
1528 3261 1617 3329 ipno-

298 3356 427 3413 trabam
449 3358 523 3428 quid
544 3358 594 3414 iiie
617 3359 713 3426 reitet,
733 3360 761 3414 si
781 3358 913 3414 tintisset
932 3356 1074 3427 quicquid
1093 3356 1214 3414 evolabat.
1252 3356 1387 3414 Annectit
1404 3357 1453 3415 bic
1467 3357 1683 3417 Huttenussat.

318 3463 445 3514 veterem
464 3456 617 3528 fabulam,
645 3459 725 3530 qitad
745 3466 814 3515 ante
833 3473 927 3514 annos
948 3463 1056 3530 septem
1078 3458 1274 3515 Hocbstratus
1294 3459 1423 3515 minatus
1447 3461 1484 3524 sit
1504 3475 1536 3517 se
1556 3476 1614 3531 np-

315 3575 492 3629 pressurum
512 3575 571 3629 me,
598 3561 626 3615 si
645 3558 820 3629 confecisset
842 3559 1039 3632 Capnioucm·
1069 3575 1124 3617 nec
1146 3560 1232 3618 aliud
1251 3561 1280 3616 in
1304 3574 1389 3616 mora
1408 3556 1505 3629 sitisse
1525 3576 1615 3633 quam

318 3662 483 3718 amicorum
506 3663 536 3719 in
567 3660 675 3718 tuendo
698 3660 850 3733 Capnione
876 3659 1062 3717 industriam.
1118 3660 1155 3718 iit
1178 3660 1233 3718 boc
1262 3676 1362 3718 aeram
1389 3663 1439 3732 sit,
1474 3662 1547 3734 quid
1574 3663 1618 3718 nd

316 3777 442 3819 causam
461 3758 662 3837 prtesenteml
692 3777 732 3819 an
754 3760 828 3818 mibi
850 3761 1037 3835 persuadere
1065 3764 1126 3820 uult
1151 3762 1310 3832 Humanas,
1342 3763 1422 3835 quod
1445 3763 1518 3820 mibi
1537 3766 1615 3821 male

298 3865 444 3920 uroltterit
465 3880 503 3921 ac
523 3866 591 3921 vetit
611 3858 826 3921 Hocnstratust
857 3863 899 3919 ad
926 3864 959 3920 id
979 3878 1048 3920 aero
1068 3880 1142 3936 opus
1170 3862 1267 3935 suerit
1292 3866 1382 3936 tonpa
1409 3864 1520 3937 ditique
1549 3881 1615 3923 me-

316 3966 413 4022 ditata
436 3967 585 4032 oratione,·
616 3981 656 4021 an
678 3964 828 4048 contendit
847 3979 994 4022 rumorem
1017 3981 1115 4037 nuper
1140 3982 1278 4039 sparsum
1303 3964 1400 4035 fuisse
1426 3963 1551 4025 rernm?
1581 3976 1613 4025 at

316 4083 366 4122 rcs
388 4067 472 4123 docet
494 4065 591 4133 fnisse
618 4067 816 4123 pottissimum.
860 4066 922 4122 Sed
947 4068 1124 4124 increscunt·
1141 4067 1231 4124 undtc
1258 4070 1430 4126 criminum:
1465 4068 1681 4143 ‘Epistulas-rt.

315 4167 507 4224 obscurorum
531 4162 660 4225 virorum
681 4168 810 4240 primum
833 4168 988 4240 applausi,
1018 4183 1087 4225 maa·
1110 4177 1187 4227 metu
1208 4171 1328 4227 territus
1349 4173 1502 4244 epistotam
1526 4175 1613 4230 Coto-

316 4271 399 4325 nium
425 4270 505 4337 misi,
538 4283 598 4341 qua
624 4268 829 4340 stauilicabam
851 4268 924 4325 mibi
948 4269 1106 4340 displicere
1132 4272 1205 4326 tales
1231 4268 1362 4327 tibettos’.
1395 4272 1503 4345 Accipe
1532 4290 1631 4331 nune>

298 4384 396 4438 nem,
419 4371 525 4443 optime
547 4371 652 4432 lector,
666 4351 703 4427 ’et
723 4371 853 4440 iutettipe
877 4368 1063 4426 lluttenicum
1085 4371 1262 4440 artificium:
1284 4379 1389 4429 nactus
1413 4388 1497 4429 eram
1524 4390 1613 4431 tritam

316 4472 471 4543 epistolam
501 4486 592 4528 manu
614 4471 794 4544 descriptam
823 4469 860 4526 de
887 4471 1017 4526 convivia
1043 4471 1266 4541 mapistrorum‚
1299 4487 1366 4543 qun
1392 4471 1467 4529 nibil
1493 4473 1615 4532 baberet

314 4581 430 4644 praeter
446 4572 600 4629 innoxium
618 4573 727 4641 iocum,
750 4579 779 4628 et
799 4568 956 4640 serebatur
974 4570 1106 4628 Hutteni.
1145 4569 1210 4627 ltoec
1227 4571 1300 4629 mibi
1314 4573 1456 4629 maximio
1474 4576 1615 4648 voluptati

313 4670 390 4742 suit,
426 4689 464 4730 ac
485 4674 567 4731 toties
595 4675 671 4730 inter
692 4673 801 4730 amicos
823 4673 976 4739 leemosi,
1010 4678 1042 4726 nt
1058 4671 1275 4743 propemodum
1297 4670 1427 4729 bareret
1452 4679 1610 4734 memoria.

317 4772 472 4847 Basiieam
495 4790 630 4832 reuersus
651 4789 717 4831 cum
738 4773 812 4831 milti
826 4773 954 4845 perisset
975 4772 1134 4843 scriptum,
1163 4788 1203 4828 ex
1224 4773 1364 4829 memoria
1387 4772 1496 4831 dicturi
1517 4774 1612 4833 Beato

385 4974 395 5003 ⁹
415 4971 524 5039 zopyra
545 4973 587 5022 ct.
601 4974 734 5022 Heroon.
749 4973 799 5022 111.
817 4971 938 5036 tasuqq.
958 4946 1056 5019 Iason.
1070 4970 1135 5019 hist.
1150 4971 1270 5036 Philipp.
1286 4972 1306 5020 1.
1323 4970 1362 5021 in.
1435 4972 1457 5002 ω
1476 4974 1556 5038 epta,
1576 4976 1609 5025 de

319 5073 398 5107 conv.
419 5055 504 5124 mag]
525 5064 567 5107 est
586 5060 673 5123 prima
692 5057 792 5123 prioris
810 5056 897 5122 partis
916 5056 984 5120 Epp.
1005 5054 1098 5103 obsec.
1118 5056 1182 5104 virr.
