<?xml version="1.0" encoding="UTF-8"?>
<!DOCTYPE html PUBLIC "-//W3C//DTD XHTML 1.0 Transitional//EN"
    "http://www.w3.org/TR/xhtml1/DTD/xhtml1-transitional.dtd">
<html xmlns="http://www.w3.org/1999/xhtml" xml:lang="en" lang="en">
 <head>
  <title>
</title>
<meta http-equiv="Content-Type" content="text/html;charset=utf-8" />
  <meta name='ocr-system' content='tesseract 3.04.00' />
  <meta name='ocr-capabilities' content='ocr_page ocr_carea ocr_par ocr_line ocrx_word'/>
</head>
<body>
  <div class='ocr_page' id='page_1' title='image "./ulrichihuttenie02huttgoog_0347.png"; bbox 0 0 4367 6084; ppageno 0'>
   <div class='ocr_carea' id='block_1_1' title="bbox 503 685 1756 756">
    <p class='ocr_par' dir='ltr' id='par_1_1' title="bbox 503 685 1756 756">
     <span class='ocr_line' id='line_1_1' title="bbox 503 685 1756 756; baseline -0.002 -6"><span class='ocrx_word' id='word_1_1' title='bbox 503 685 575 756; x_wconf 77' lang='lat'>326</span> <span class='ocrx_word' id='word_1_2' title='bbox 614 700 827 750; x_wconf 82' lang='lat' dir='ltr'>cccxxxnn.</span> <span class='ocrx_word' id='word_1_3' title='bbox 849 713 1039 749; x_wconf 62' lang='lat' dir='ltr'>nuv&#39;nurnusrr</span> <span class='ocrx_word' id='word_1_4' title='bbox 1053 712 1107 747; x_wconf 86' lang='lat' dir='ltr'>rao</span> <span class='ocrx_word' id='word_1_5' title='bbox 1120 713 1251 748; x_wconf 79' lang='lat' dir='ltr'>nvrrnno</span> <span class='ocrx_word' id='word_1_6' title='bbox 1264 712 1301 748; x_wconf 81' lang='lat' dir='ltr'>an</span> <span class='ocrx_word' id='word_1_7' title='bbox 1313 714 1417 748; x_wconf 81' lang='lat' dir='ltr'>raasur</span> <span class='ocrx_word' id='word_1_8' title='bbox 1431 713 1572 748; x_wconf 83' lang='lat' dir='ltr'>srorveraii</span> <span class='ocrx_word' id='word_1_9' title='bbox 1587 712 1756 747; x_wconf 79' lang='lat' dir='ltr'>aaarousro.</span> 
     </span>
    </p>
   </div>
   <div class='ocr_carea' id='block_1_2' title="bbox 501 870 1841 2626">
    <p class='ocr_par' dir='ltr' id='par_1_2' title="bbox 501 870 1806 1202">
     <span class='ocr_line' id='line_1_2' title="bbox 501 870 1806 946; baseline -0.005 -14"><span class='ocrx_word' id='word_1_10' title='bbox 501 876 544 932; x_wconf 89' lang='lat' dir='ltr'>nia</span> <span class='ocrx_word' id='word_1_11' title='bbox 575 877 613 931; x_wconf 91' lang='lat' dir='ltr'>sie</span> <span class='ocrx_word' id='word_1_12' title='bbox 641 873 718 930; x_wconf 90' lang='lat' dir='ltr'>malis</span> <span class='ocrx_word' id='word_1_13' title='bbox 747 872 832 946; x_wconf 79' lang='lat' dir='ltr'>allligi</span> <span class='ocrx_word' id='word_1_14' title='bbox 862 880 889 927; x_wconf 89' lang='grc' dir='ltr'>ει</span> <span class='ocrx_word' id='word_1_15' title='bbox 918 872 1047 928; x_wconf 90' lang='lat' dir='ltr'>miserum</span> <span class='ocrx_word' id='word_1_16' title='bbox 1075 889 1137 928; x_wconf 89' lang='lat' dir='ltr'>esse</span> <span class='ocrx_word' id='word_1_17' title='bbox 1158 873 1186 927; x_wconf 89' lang='lat' dir='ltr'>iu</span> <span class='ocrx_word' id='word_1_18' title='bbox 1209 872 1258 928; x_wconf 92' lang='lat' dir='ltr'>hac</span> <span class='ocrx_word' id='word_1_19' title='bbox 1280 874 1350 935; x_wconf 88' lang='lat' dir='ltr'>vita,</span> <span class='ocrx_word' id='word_1_20' title='bbox 1381 873 1483 928; x_wconf 91' lang='lat' dir='ltr'>versari</span> <span class='ocrx_word' id='word_1_21' title='bbox 1507 873 1534 927; x_wconf 92' lang='lat' dir='ltr'>iu</span> <span class='ocrx_word' id='word_1_22' title='bbox 1557 873 1639 927; x_wconf 85' lang='lat' dir='ltr'>variis</span> <span class='ocrx_word' id='word_1_23' title='bbox 1663 870 1806 946; x_wconf 90' lang='lat' dir='ltr'>periculis,</span> 
     </span>
     <span class='ocr_line' id='line_1_3' title="bbox 502 956 1806 1031; baseline -0.004 -14"><span class='ocrx_word' id='word_1_24' title='bbox 502 978 562 1017; x_wconf 86' lang='lat' dir='ltr'>esse</span> <span class='ocrx_word' id='word_1_25' title='bbox 585 960 656 1016; x_wconf 91' lang='lat' dir='ltr'>sieut</span> <span class='ocrx_word' id='word_1_26' title='bbox 679 975 755 1014; x_wconf 86' lang='lat' dir='ltr'>ovem</span> <span class='ocrx_word' id='word_1_27' title='bbox 778 957 922 1013; x_wconf 79' lang='lat' dir='ltr'>occisionis</span> <span class='ocrx_word' id='word_1_28' title='bbox 946 956 1083 1021; x_wconf 73' lang='lat' dir='ltr'>totalis:</span> <span class='ocrx_word' id='word_1_29' title='bbox 1113 957 1183 1031; x_wconf 86' lang='lat' dir='ltr'>apud</span> <span class='ocrx_word' id='word_1_30' title='bbox 1206 975 1257 1013; x_wconf 90' lang='lat' dir='ltr'>nos</span> <span class='ocrx_word' id='word_1_31' title='bbox 1280 974 1343 1012; x_wconf 90' lang='lat' dir='ltr'>vero</span> <span class='ocrx_word' id='word_1_32' title='bbox 1367 975 1470 1012; x_wconf 90' lang='lat' dir='ltr'>summa</span> <span class='ocrx_word' id='word_1_33' title='bbox 1493 956 1609 1012; x_wconf 76' lang='lat' dir='ltr'>felicitas</span> <span class='ocrx_word' id='word_1_34' title='bbox 1631 965 1688 1017; x_wconf 88' lang='lat' dir='ltr'>est.</span> <span class='ocrx_word' id='word_1_35' title='bbox 1720 966 1806 1031; x_wconf 88' lang='lat' dir='ltr'>atque</span> 
     </span>
     <span class='ocr_line' id='line_1_4' title="bbox 504 1040 1803 1114; baseline -0.004 -13"><span class='ocrx_word' id='word_1_36' title='bbox 504 1046 563 1101; x_wconf 83' lang='lat' dir='ltr'>ideo</span> <span class='ocrx_word' id='word_1_37' title='bbox 586 1045 691 1100; x_wconf 89' lang='lat' dir='ltr'>beatam</span> <span class='ocrx_word' id='word_1_38' title='bbox 714 1042 969 1113; x_wconf 74' lang='lat' dir='ltr'>elicimusmortcm</span> <span class='ocrx_word' id='word_1_39' title='bbox 992 1059 1052 1114; x_wconf 84' lang='lat' dir='ltr'>quae</span> <span class='ocrx_word' id='word_1_40' title='bbox 1075 1040 1200 1097; x_wconf 87' lang='lat' dir='ltr'>dissolvit</span> <span class='ocrx_word' id='word_1_41' title='bbox 1223 1050 1250 1097; x_wconf 90' lang='lat' dir='ltr'>ot</span> <span class='ocrx_word' id='word_1_42' title='bbox 1273 1041 1407 1097; x_wconf 75' lang='lat' dir='ltr'><strong>lucrifacit</strong></span> <span class='ocrx_word' id='word_1_43' title='bbox 1423 1059 1473 1097; x_wconf 90' lang='lat' dir='ltr'>nos</span> <span class='ocrx_word' id='word_1_44' title='bbox 1488 1041 1612 1104; x_wconf 84' lang='lat' dir='ltr'>Christo,</span> <span class='ocrx_word' id='word_1_45' title='bbox 1636 1041 1735 1097; x_wconf 66' lang='lat' dir='ltr'>beatam</span> <span class='ocrx_word' id='word_1_46' title='bbox 1758 1060 1803 1096; x_wconf 88' lang='lat' dir='ltr'>vo·</span> 
     </span>
     <span class='ocr_line' id='line_1_5' title="bbox 504 1125 1566 1202; baseline -0.004 -17"><span class='ocrx_word' id='word_1_47' title='bbox 504 1147 597 1186; x_wconf 86' lang='lat' dir='ltr'>canius</span> <span class='ocrx_word' id='word_1_48' title='bbox 621 1128 666 1202; x_wconf 88' lang='lat' dir='ltr'>qui</span> <span class='ocrx_word' id='word_1_49' title='bbox 689 1127 874 1183; x_wconf 81' lang='lat' dir='ltr'>haereditatem</span> <span class='ocrx_word' id='word_1_50' title='bbox 898 1127 967 1182; x_wconf 91' lang='lat' dir='ltr'>haue</span> <span class='ocrx_word' id='word_1_51' title='bbox 989 1125 1106 1182; x_wconf 82' lang='lat' dir='ltr'>filiorum</span> <span class='ocrx_word' id='word_1_52' title='bbox 1128 1134 1372 1200; x_wconf 76' lang='lat' dir='ltr'>consequuntur·</span> <span class='ocrx_word' id='word_1_53' title='bbox 1562 1129 1566 1133; x_wconf 83' lang='grc'><strong>’</strong></span> 
     </span>
    </p>

    <p class='ocr_par' dir='ltr' id='par_1_3' title="bbox 502 1208 1841 2626">
     <span class='ocr_line' id='line_1_6' title="bbox 567 1208 1828 1291; baseline 0 -24"><span class='ocrx_word' id='word_1_54' title='bbox 567 1208 640 1291; x_wconf 61' lang='grc' dir='ltr'>[ει]</span> <span class='ocrx_word' id='word_1_55' title='bbox 686 1229 736 1267; x_wconf 82' lang='lat' dir='ltr'>nn.</span> <span class='ocrx_word' id='word_1_56' title='bbox 760 1212 866 1267; x_wconf 76' lang='lat' dir='ltr'>libello</span> <span class='ocrx_word' id='word_1_57' title='bbox 888 1212 1093 1283; x_wconf 80' lang='lat' dir='ltr'>sycophantiae</span> <span class='ocrx_word' id='word_1_58' title='bbox 1109 1218 1218 1266; x_wconf 81' lang='lat' dir='ltr'>tantam</span> <span class='ocrx_word' id='word_1_59' title='bbox 1234 1213 1347 1266; x_wconf 78' lang='lat' dir='ltr'>invidiae</span> <span class='ocrx_word' id='word_1_60' title='bbox 1362 1217 1529 1283; x_wconf 74' lang='lat' dir='ltr'>lavatumque</span> <span class='ocrx_word' id='word_1_61' title='bbox 1544 1213 1616 1268; x_wconf 83' lang='lat' dir='ltr'>lehis</span> <span class='ocrx_word' id='word_1_62' title='bbox 1631 1213 1807 1267; x_wconf 78' lang='lat' dir='ltr'><strong><em>conciliaret</em></strong></span> <span class='ocrx_word' id='word_1_63' title='bbox 1816 1229 1828 1267; x_wconf 81' lang='lat' dir='ltr'>s</span> 
     </span>
     <span class='ocr_line' id='line_1_7' title="bbox 502 1297 1806 1368; baseline -0.004 -13"><span class='ocrx_word' id='word_1_64' title='bbox 502 1311 561 1355; x_wconf 83' lang='lat' dir='ltr'>tum</span> <span class='ocrx_word' id='word_1_65' title='bbox 590 1299 644 1352; x_wconf 83' lang='lat' dir='ltr'>sihi</span> <span class='ocrx_word' id='word_1_66' title='bbox 670 1304 728 1352; x_wconf 80' lang='lat' dir='ltr'>tuan</span> <span class='ocrx_word' id='word_1_67' title='bbox 756 1297 836 1351; x_wconf 82' lang='lat' dir='ltr'>honis</span> <span class='ocrx_word' id='word_1_68' title='bbox 862 1297 953 1351; x_wconf 87' lang='lat' dir='ltr'>literis</span> <span class='ocrx_word' id='word_1_69' title='bbox 982 1302 1040 1351; x_wconf 85' lang='lat' dir='ltr'>tum</span> <span class='ocrx_word' id='word_1_70' title='bbox 1069 1299 1185 1368; x_wconf 82' lang='lat' dir='ltr'>nepocio</span> <span class='ocrx_word' id='word_1_71' title='bbox 1213 1298 1376 1367; x_wconf 76' lang='lat' dir='ltr'>eaanpeh&#39;co</span> <span class='ocrx_word' id='word_1_72' title='bbox 1404 1303 1462 1351; x_wconf 83' lang='lat' dir='ltr'>tam</span> <span class='ocrx_word' id='word_1_73' title='bbox 1486 1297 1656 1352; x_wconf 84' lang='lat' dir='ltr'>Germanico</span> <span class='ocrx_word' id='word_1_74' title='bbox 1678 1298 1806 1366; x_wconf 81' lang='lat' dir='ltr'>denique</span> 
     </span>
     <span class='ocr_line' id='line_1_8' title="bbox 502 1379 1806 1453; baseline -0.004 -14"><span class='ocrx_word' id='word_1_75' title='bbox 502 1384 617 1440; x_wconf 85' lang='lat' dir='ltr'>nomini.</span> <span class='ocrx_word' id='word_1_76' title='bbox 686 1398 736 1437; x_wconf 85' lang='lat' dir='ltr'>or.</span> <span class='ocrx_word' id='word_1_77' title='bbox 765 1380 833 1448; x_wconf 79' lang='lat' dir='ltr'>Quia</span> <span class='ocrx_word' id='word_1_78' title='bbox 863 1398 927 1435; x_wconf 91' lang='lat' dir='ltr'>vero</span> <span class='ocrx_word' id='word_1_79' title='bbox 956 1380 1097 1453; x_wconf 45' lang='lat' dir='ltr'>strangulo</span> <span class='ocrx_word' id='word_1_80' title='bbox 1120 1389 1148 1435; x_wconf 91' lang='lat' dir='ltr'>et</span> <span class='ocrx_word' id='word_1_81' title='bbox 1170 1379 1259 1436; x_wconf 90' lang='lat' dir='ltr'>literis</span> <span class='ocrx_word' id='word_1_82' title='bbox 1281 1379 1432 1436; x_wconf 75' lang='lat' dir='ltr'>Germaniae</span> <span class='ocrx_word' id='word_1_83' title='bbox 1454 1390 1626 1437; x_wconf 78' lang='lat' dir='ltr'>cumvestra</span> <span class='ocrx_word' id='word_1_84' title='bbox 1650 1381 1806 1453; x_wconf 73' lang='lat' dir='ltr'>tragaedia?</span> 
     </span>
     <span class='ocr_line' id='line_1_9' title="bbox 502 1464 1806 1539; baseline -0.002 -17"><span class='ocrx_word' id='word_1_85' title='bbox 502 1467 585 1524; x_wconf 86' lang='lat' dir='ltr'>veluti</span> <span class='ocrx_word' id='word_1_86' title='bbox 615 1482 694 1521; x_wconf 84' lang='lat' dir='ltr'>nenio</span> <span class='ocrx_word' id='word_1_87' title='bbox 724 1466 759 1520; x_wconf 91' lang='lat' dir='ltr'>sit</span> <span class='ocrx_word' id='word_1_88' title='bbox 786 1465 902 1539; x_wconf 89' lang='lat' dir='ltr'>posthac</span> <span class='ocrx_word' id='word_1_89' title='bbox 925 1464 1045 1521; x_wconf 85' lang='lat' dir='ltr'>lecturus</span> <span class='ocrx_word' id='word_1_90' title='bbox 1068 1464 1195 1520; x_wconf 90' lang='lat' dir='ltr'>meliores</span> <span class='ocrx_word' id='word_1_91' title='bbox 1218 1465 1328 1526; x_wconf 87' lang='lat' dir='ltr'>literas.</span> <span class='ocrx_word' id='word_1_92' title='bbox 1358 1483 1437 1521; x_wconf 89' lang='lat' dir='ltr'>nemo</span> <span class='ocrx_word' id='word_1_93' title='bbox 1461 1465 1664 1521; x_wconf 75' lang='lat' dir='ltr'>auscultaturus</span> <span class='ocrx_word' id='word_1_94' title='bbox 1687 1482 1806 1538; x_wconf 80' lang='lat' dir='ltr'>evange-</span> 
     </span>
     <span class='ocr_line' id='line_1_10' title="bbox 502 1548 1805 1624; baseline -0.003 -16"><span class='ocrx_word' id='word_1_95' title='bbox 502 1553 555 1614; x_wconf 87' lang='lat' dir='ltr'>lio.</span> <span class='ocrx_word' id='word_1_96' title='bbox 585 1567 665 1606; x_wconf 88' lang='lat' dir='ltr'>uerno</span> <span class='ocrx_word' id='word_1_97' title='bbox 694 1552 804 1605; x_wconf 85' lang='lat' dir='ltr'>iuturus</span> <span class='ocrx_word' id='word_1_98' title='bbox 832 1550 940 1622; x_wconf 86' lang='lat' dir='ltr'>integer</span> <span class='ocrx_word' id='word_1_99' title='bbox 961 1549 1123 1609; x_wconf 85' lang='lat' dir='ltr'>Germanus.</span> <span class='ocrx_word' id='word_1_100' title='bbox 1154 1549 1216 1622; x_wconf 89' lang='lat' dir='ltr'>quia</span> <span class='ocrx_word' id='word_1_101' title='bbox 1244 1567 1327 1604; x_wconf 90' lang='lat' dir='ltr'>ausus</span> <span class='ocrx_word' id='word_1_102' title='bbox 1355 1558 1398 1605; x_wconf 90' lang='lat' dir='ltr'>est</span> <span class='ocrx_word' id='word_1_103' title='bbox 1427 1548 1509 1606; x_wconf 91' lang='lat' dir='ltr'>semel</span> <span class='ocrx_word' id='word_1_104' title='bbox 1533 1550 1631 1624; x_wconf 91' lang='lat' dir='ltr'>aliquis</span> <span class='ocrx_word' id='word_1_105' title='bbox 1655 1550 1682 1604; x_wconf 92' lang='lat' dir='ltr'>iu</span> <span class='ocrx_word' id='word_1_106' title='bbox 1705 1550 1805 1605; x_wconf 89' lang='lat' dir='ltr'>laciem</span> 
     </span>
     <span class='ocr_line' id='line_1_11' title="bbox 503 1634 1841 1707; baseline -0.003 -14"><span class='ocrx_word' id='word_1_107' title='bbox 503 1637 631 1693; x_wconf 89' lang='lat' dir='ltr'>resistere</span> <span class='ocrx_word' id='word_1_108' title='bbox 654 1635 703 1690; x_wconf 90' lang='lat' dir='ltr'>tihi</span> <span class='ocrx_word' id='word_1_109' title='bbox 726 1644 753 1689; x_wconf 87' lang='lat' dir='ltr'>et</span> <span class='ocrx_word' id='word_1_110' title='bbox 776 1651 891 1706; x_wconf 75' lang='lat' dir='ltr'>arguere</span> <span class='ocrx_word' id='word_1_111' title='bbox 913 1635 986 1707; x_wconf 85' lang='lat' dir='ltr'>quod</span> <span class='ocrx_word' id='word_1_112' title='bbox 1008 1635 1040 1689; x_wconf 89' lang='lat' dir='ltr'>avl</span> <span class='ocrx_word' id='word_1_113' title='bbox 1063 1635 1204 1690; x_wconf 89' lang='lat' dir='ltr'>veritatem</span> <span class='ocrx_word' id='word_1_114' title='bbox 1234 1634 1366 1707; x_wconf 80' lang='lat' dir='ltr'>evangelii</span> <span class='ocrx_word' id='word_1_115' title='bbox 1398 1652 1452 1690; x_wconf 89' lang='lat' dir='ltr'>nou</span> <span class='ocrx_word' id='word_1_116' title='bbox 1482 1644 1555 1690; x_wconf 87' lang='lat' dir='ltr'>recte</span> <span class='ocrx_word' id='word_1_117' title='bbox 1583 1634 1714 1690; x_wconf 77' lang='lat' dir='ltr'>ambulas.</span> <span class='ocrx_word' id='word_1_118' title='bbox 1762 1636 1841 1689; x_wconf 82' lang='lat' dir='ltr'>Auta</span> 
     </span>
     <span class='ocr_line' id='line_1_12' title="bbox 503 1718 1806 1793; baseline -0.004 -15"><span class='ocrx_word' id='word_1_119' title='bbox 503 1739 557 1778; x_wconf 91' lang='lat' dir='ltr'>non</span> <span class='ocrx_word' id='word_1_120' title='bbox 581 1729 609 1775; x_wconf 90' lang='lat' dir='ltr'>et</span> <span class='ocrx_word' id='word_1_121' title='bbox 630 1719 730 1776; x_wconf 90' lang='lat' dir='ltr'>Paulus</span> <span class='ocrx_word' id='word_1_122' title='bbox 752 1720 863 1775; x_wconf 84' lang='lat' dir='ltr'>Petrum</span> <span class='ocrx_word' id='word_1_123' title='bbox 885 1718 1075 1792; x_wconf 78' lang='lat' dir='ltr'><strong>reprehendit.</strong></span> <span class='ocrx_word' id='word_1_124' title='bbox 1107 1718 1187 1793; x_wconf 89' lang='lat' dir='ltr'>idque</span> <span class='ocrx_word' id='word_1_125' title='bbox 1211 1719 1237 1773; x_wconf 92' lang='lat' dir='ltr'>in</span> <span class='ocrx_word' id='word_1_126' title='bbox 1261 1718 1329 1775; x_wconf 88' lang='lat' dir='ltr'>lacie</span> <span class='ocrx_word' id='word_1_127' title='bbox 1352 1719 1438 1774; x_wconf 90' lang='lat' dir='ltr'>totius</span> <span class='ocrx_word' id='word_1_128' title='bbox 1465 1719 1605 1776; x_wconf 67' lang='lat' dir='ltr'>ecclesiae?</span> <span class='ocrx_word' id='word_1_129' title='bbox 1634 1719 1662 1775; x_wconf 88' lang='lat' dir='ltr'>Si</span> <span class='ocrx_word' id='word_1_130' title='bbox 1692 1719 1729 1775; x_wconf 90' lang='lat' dir='ltr'>oh</span> <span class='ocrx_word' id='word_1_131' title='bbox 1752 1719 1806 1773; x_wconf 90' lang='lat' dir='ltr'>hoe</span> 
     </span>
     <span class='ocr_line' id='line_1_13' title="bbox 504 1802 1805 1880; baseline -0.003 -18"><span class='ocrx_word' id='word_1_132' title='bbox 504 1805 672 1880; x_wconf 72' lang='lat' dir='ltr'>sycophanta</span> <span class='ocrx_word' id='word_1_133' title='bbox 702 1804 750 1860; x_wconf 92' lang='lat' dir='ltr'>tihi</span> <span class='ocrx_word' id='word_1_134' title='bbox 780 1811 835 1865; x_wconf 83' lang='lat' dir='ltr'>est,</span> <span class='ocrx_word' id='word_1_135' title='bbox 866 1813 957 1859; x_wconf 86' lang='lat' dir='ltr'>tamen</span> <span class='ocrx_word' id='word_1_136' title='bbox 986 1802 1053 1858; x_wconf 91' lang='lat' dir='ltr'>nulli</span> <span class='ocrx_word' id='word_1_137' title='bbox 1083 1803 1156 1859; x_wconf 91' lang='lat' dir='ltr'>hono</span> <span class='ocrx_word' id='word_1_138' title='bbox 1186 1812 1228 1858; x_wconf 90' lang='lat' dir='ltr'>est</span> <span class='ocrx_word' id='word_1_139' title='bbox 1251 1811 1278 1857; x_wconf 87' lang='lat' dir='ltr'>et</span> <span class='ocrx_word' id='word_1_140' title='bbox 1301 1804 1348 1876; x_wconf 91' lang='lat' dir='ltr'>qui</span> <span class='ocrx_word' id='word_1_141' title='bbox 1371 1804 1556 1877; x_wconf 84' lang='lat' dir='ltr'>iutegritatem</span> <span class='ocrx_word' id='word_1_142' title='bbox 1578 1803 1698 1859; x_wconf 90' lang='lat' dir='ltr'>hominis</span> <span class='ocrx_word' id='word_1_143' title='bbox 1722 1820 1805 1859; x_wconf 88' lang='lat' dir='ltr'>nove·</span> 
     </span>
     <span class='ocr_line' id='line_1_14' title="bbox 505 1887 1805 1961; baseline -0.004 -14"><span class='ocrx_word' id='word_1_144' title='bbox 505 1898 577 1947; x_wconf 88' lang='lat' dir='ltr'>runt.</span> <span class='ocrx_word' id='word_1_145' title='bbox 622 1888 783 1961; x_wconf 75' lang='lat' dir='ltr'>Euangeliou</span> <span class='ocrx_word' id='word_1_146' title='bbox 812 1888 924 1960; x_wconf 80' lang='lat' dir='ltr'>negotio</span> <span class='ocrx_word' id='word_1_147' title='bbox 951 1888 990 1943; x_wconf 94' lang='lat' dir='ltr'>sic</span> <span class='ocrx_word' id='word_1_148' title='bbox 1013 1887 1116 1950; x_wconf 84' lang='lat' dir='ltr'>obluit,</span> <span class='ocrx_word' id='word_1_149' title='bbox 1147 1896 1177 1942; x_wconf 93' lang='lat' dir='ltr'>ut</span> <span class='ocrx_word' id='word_1_150' title='bbox 1200 1887 1337 1943; x_wconf 85' lang='lat' dir='ltr'>videamus</span> <span class='ocrx_word' id='word_1_151' title='bbox 1360 1888 1412 1944; x_wconf 90' lang='lat' dir='ltr'>hoe</span> <span class='ocrx_word' id='word_1_152' title='bbox 1434 1906 1505 1944; x_wconf 82' lang='lat' dir='ltr'>nrruc</span> <span class='ocrx_word' id='word_1_153' title='bbox 1530 1889 1556 1943; x_wconf 90' lang='lat' dir='ltr'>iu</span> <span class='ocrx_word' id='word_1_154' title='bbox 1579 1896 1641 1943; x_wconf 88' lang='lat' dir='ltr'>toto</span> <span class='ocrx_word' id='word_1_155' title='bbox 1665 1887 1732 1944; x_wconf 88' lang='lat' dir='ltr'>urhe</span> <span class='ocrx_word' id='word_1_156' title='bbox 1757 1887 1805 1942; x_wconf 92' lang='lat' dir='ltr'>llo·</span> 
     </span>
     <span class='ocr_line' id='line_1_15' title="bbox 505 1971 1804 2046; baseline -0.004 -15"><span class='ocrx_word' id='word_1_157' title='bbox 505 1992 565 2031; x_wconf 87' lang='lat' dir='ltr'>rere</span> <span class='ocrx_word' id='word_1_158' title='bbox 588 1973 741 2030; x_wconf 86' lang='lat' dir='ltr'>volentibus</span> <span class='ocrx_word' id='word_1_159' title='bbox 765 1971 921 2028; x_wconf 88' lang='lat' dir='ltr'>nolentibus</span> <span class='ocrx_word' id='word_1_160' title='bbox 945 1973 1067 2046; x_wconf 89' lang='lat' dir='ltr'>tyrannis</span> <span class='ocrx_word' id='word_1_161' title='bbox 1098 1972 1233 2028; x_wconf 87' lang='lat' dir='ltr'>omnihus.</span> <span class='ocrx_word' id='word_1_162' title='bbox 1278 1971 1437 2029; x_wconf 83' lang='lat' dir='ltr'>Germanico</span> <span class='ocrx_word' id='word_1_163' title='bbox 1459 1982 1550 2029; x_wconf 85' lang='lat' dir='ltr'>autem</span> <span class='ocrx_word' id='word_1_164' title='bbox 1573 1972 1676 2028; x_wconf 90' lang='lat' dir='ltr'>nomini</span> <span class='ocrx_word' id='word_1_165' title='bbox 1699 1973 1804 2027; x_wconf 87' lang='lat' dir='ltr'>utinam</span> 
     </span>
     <span class='ocr_line' id='line_1_16' title="bbox 504 2056 1839 2130; baseline -0.002 -15"><span class='ocrx_word' id='word_1_166' title='bbox 504 2077 584 2115; x_wconf 82' lang='lat' dir='ltr'>nenio</span> <span class='ocrx_word' id='word_1_167' title='bbox 608 2059 643 2113; x_wconf 90' lang='lat' dir='ltr'>sit</span> <span class='ocrx_word' id='word_1_168' title='bbox 666 2057 792 2114; x_wconf 89' lang='lat' dir='ltr'>illaturus</span> <span class='ocrx_word' id='word_1_169' title='bbox 815 2057 929 2130; x_wconf 91' lang='lat' dir='ltr'>posthae</span> <span class='ocrx_word' id='word_1_170' title='bbox 952 2057 1082 2113; x_wconf 85' lang='lat' dir='ltr'>maiorem</span> <span class='ocrx_word' id='word_1_171' title='bbox 1105 2056 1296 2113; x_wconf 89' lang='lat' dir='ltr'>contumeliam</span> <span class='ocrx_word' id='word_1_172' title='bbox 1326 2064 1353 2112; x_wconf 89' lang='lat' dir='ltr'>et</span> <span class='ocrx_word' id='word_1_173' title='bbox 1383 2058 1441 2114; x_wconf 87' lang='lat' dir='ltr'>eius</span> <span class='ocrx_word' id='word_1_174' title='bbox 1471 2057 1638 2130; x_wconf 80' lang='lat' dir='ltr'>integritatis</span> <span class='ocrx_word' id='word_1_175' title='bbox 1661 2064 1690 2111; x_wconf 90' lang='lat' dir='ltr'>et</span> <span class='ocrx_word' id='word_1_176' title='bbox 1713 2056 1839 2112; x_wconf 81' lang='lat' dir='ltr'>iudiciits</span> 
     </span>
     <span class='ocr_line' id='line_1_17' title="bbox 505 2141 1804 2216; baseline -0.003 -16"><span class='ocrx_word' id='word_1_177' title='bbox 505 2152 597 2200; x_wconf 91' lang='lat' dir='ltr'>essent</span> <span class='ocrx_word' id='word_1_178' title='bbox 620 2160 714 2198; x_wconf 84' lang='lat' dir='ltr'>oriiucs</span> <span class='ocrx_word' id='word_1_179' title='bbox 736 2142 842 2215; x_wconf 87' lang='lat' dir='ltr'>equites</span> <span class='ocrx_word' id='word_1_180' title='bbox 858 2141 996 2197; x_wconf 87' lang='lat' dir='ltr'>Germani!</span> <span class='ocrx_word' id='word_1_181' title='bbox 1027 2142 1163 2197; x_wconf 90' lang='lat' dir='ltr'>Lutherus</span> <span class='ocrx_word' id='word_1_182' title='bbox 1186 2141 1422 2200; x_wconf 87' lang='lat' dir='ltr'>vehementissime</span> <span class='ocrx_word' id='word_1_183' title='bbox 1444 2160 1551 2216; x_wconf 92' lang='lat' dir='ltr'>semper</span> <span class='ocrx_word' id='word_1_184' title='bbox 1571 2141 1731 2215; x_wconf 85' lang='lat' dir='ltr'>complexus</span> <span class='ocrx_word' id='word_1_185' title='bbox 1754 2149 1804 2202; x_wconf 86' lang='lat' dir='ltr'>est,</span> 
     </span>
     <span class='ocr_line' id='line_1_18' title="bbox 507 2225 1805 2302; baseline -0.003 -18"><span class='ocrx_word' id='word_1_186' title='bbox 507 2246 562 2284; x_wconf 91' lang='lat' dir='ltr'>non</span> <span class='ocrx_word' id='word_1_187' title='bbox 585 2229 647 2302; x_wconf 91' lang='lat' dir='ltr'>quia</span> <span class='ocrx_word' id='word_1_188' title='bbox 670 2227 791 2283; x_wconf 88' lang='lat' dir='ltr'>severius</span> <span class='ocrx_word' id='word_1_189' title='bbox 813 2226 911 2300; x_wconf 81' lang='lat' dir='ltr'>agehat</span> <span class='ocrx_word' id='word_1_190' title='bbox 934 2227 1069 2300; x_wconf 77' lang='lat' dir='ltr'>quaedam,</span> <span class='ocrx_word' id='word_1_191' title='bbox 1099 2227 1144 2291; x_wconf 66' lang='lat' dir='ltr'>secl</span> <span class='ocrx_word' id='word_1_192' title='bbox 1178 2226 1305 2300; x_wconf 89' lang='lat' dir='ltr'>quoniam</span> <span class='ocrx_word' id='word_1_193' title='bbox 1334 2227 1449 2283; x_wconf 76' lang='lat' dir='ltr'>canaliclo</span> <span class='ocrx_word' id='word_1_194' title='bbox 1477 2229 1567 2283; x_wconf 90' lang='lat' dir='ltr'>auimo</span> <span class='ocrx_word' id='word_1_195' title='bbox 1590 2225 1690 2298; x_wconf 76' lang='lat' dir='ltr'>agebat</span> <span class='ocrx_word' id='word_1_196' title='bbox 1713 2234 1741 2281; x_wconf 90' lang='grc' dir='ltr'>ει</span> <span class='ocrx_word' id='word_1_197' title='bbox 1764 2243 1805 2280; x_wconf 92' lang='lat' dir='ltr'>re·</span> 
     </span>
     <span class='ocr_line' id='line_1_19' title="bbox 506 2309 1805 2385; baseline -0.003 -17"><span class='ocrx_word' id='word_1_198' title='bbox 506 2314 627 2370; x_wconf 88' lang='lat' dir='ltr'>ctissiruo</span> <span class='ocrx_word' id='word_1_199' title='bbox 651 2311 718 2367; x_wconf 87' lang='lat' dir='ltr'>zelo.</span> <span class='ocrx_word' id='word_1_200' title='bbox 766 2310 835 2367; x_wconf 72' lang='lat' dir='ltr'>“Sat</span> <span class='ocrx_word' id='word_1_201' title='bbox 859 2311 1109 2385; x_wconf 78' lang='lat' dir='ltr'>impuclentissirne&#39;¹</span> <span class='ocrx_word' id='word_1_202' title='bbox 1133 2311 1223 2384; x_wconf 88' lang='lat' dir='ltr'>inquis</span> <span class='ocrx_word' id='word_1_203' title='bbox 1247 2319 1325 2367; x_wconf 90' lang='lat' dir='ltr'>“sese</span> <span class='ocrx_word' id='word_1_204' title='bbox 1341 2311 1484 2385; x_wconf 77' lang='lat' dir='ltr'>ingessit&#39;:</span> <span class='ocrx_word' id='word_1_205' title='bbox 1509 2320 1651 2385; x_wconf 77' lang='lat' dir='ltr'>expectare</span> <span class='ocrx_word' id='word_1_206' title='bbox 1667 2309 1805 2384; x_wconf 84' lang='lat' dir='ltr'>pontilicis</span> 
     </span>
     <span class='ocr_line' id='line_1_20' title="bbox 506 2394 1804 2467; baseline -0.002 -16"><span class='ocrx_word' id='word_1_207' title='bbox 506 2397 674 2454; x_wconf 87' lang='lat' dir='ltr'>vocationem</span> <span class='ocrx_word' id='word_1_208' title='bbox 697 2395 821 2451; x_wconf 79' lang='lat' dir='ltr'>‹lehehat</span> <span class='ocrx_word' id='word_1_209' title='bbox 855 2397 902 2450; x_wconf 79' lang='lat' dir='ltr'>scil</span> <span class='ocrx_word' id='word_1_210' title='bbox 926 2395 970 2451; x_wconf 90' lang='lat' dir='ltr'>ille</span> <span class='ocrx_word' id='word_1_211' title='bbox 993 2396 1127 2452; x_wconf 88' lang='lat' dir='ltr'>neminem</span> <span class='ocrx_word' id='word_1_212' title='bbox 1150 2395 1250 2451; x_wconf 84' lang='lat' dir='ltr'>honuni</span> <span class='ocrx_word' id='word_1_213' title='bbox 1273 2405 1359 2451; x_wconf 88' lang='lat' dir='ltr'>vocat.</span> <span class='ocrx_word' id='word_1_214' title='bbox 1393 2396 1459 2452; x_wconf 89' lang='lat' dir='ltr'>ltem</span> <span class='ocrx_word' id='word_1_215' title='bbox 1481 2394 1645 2459; x_wconf 78' lang='lat' dir='ltr'>„inciviliter</span> <span class='ocrx_word' id='word_1_216' title='bbox 1667 2403 1696 2450; x_wconf 92' lang='grc' dir='ltr'>ει</span> <span class='ocrx_word' id='word_1_217' title='bbox 1718 2395 1804 2467; x_wconf 91' lang='lat' dir='ltr'>impu-</span> 
     </span>
     <span class='ocr_line' id='line_1_21' title="bbox 508 2479 1835 2555; baseline -0.002 -17"><span class='ocrx_word' id='word_1_218' title='bbox 508 2484 604 2538; x_wconf 77' lang='lat' dir='ltr'>tleutcr</span> <span class='ocrx_word' id='word_1_219' title='bbox 626 2481 693 2537; x_wconf 81' lang='lat' dir='ltr'>uixit</span> <span class='ocrx_word' id='word_1_220' title='bbox 716 2481 863 2554; x_wconf 73' lang='lat' dir='ltr'>quaedam&#39;.</span> <span class='ocrx_word' id='word_1_221' title='bbox 908 2480 977 2535; x_wconf 80' lang='lat' dir='ltr'>llisit</span> <span class='ocrx_word' id='word_1_222' title='bbox 992 2479 1080 2554; x_wconf 90' lang='lat' dir='ltr'>palam</span> <span class='ocrx_word' id='word_1_223' title='bbox 1104 2490 1132 2536; x_wconf 85' lang='lat' dir='ltr'>et</span> <span class='ocrx_word' id='word_1_224' title='bbox 1153 2480 1222 2535; x_wconf 91' lang='lat' dir='ltr'>citra</span> <span class='ocrx_word' id='word_1_225' title='bbox 1244 2481 1374 2552; x_wconf 80' lang='lat' dir='ltr'>puilorem</span> <span class='ocrx_word' id='word_1_226' title='bbox 1397 2481 1534 2555; x_wconf 84' lang='lat' dir='ltr'>pontilicis</span> <span class='ocrx_word' id='word_1_227' title='bbox 1557 2497 1672 2553; x_wconf 83' lang='lat' dir='ltr'>reguum</span> <span class='ocrx_word' id='word_1_228' title='bbox 1695 2497 1728 2535; x_wconf 81' lang='lat' dir='ltr'>ex</span> <span class='ocrx_word' id='word_1_229' title='bbox 1749 2479 1835 2536; x_wconf 83' lang='lat' dir='ltr'>dia-ra</span> 
     </span>
     <span class='ocr_line' id='line_1_22' title="bbox 508 2564 1805 2626; baseline -0.003 -4"><span class='ocrx_word' id='word_1_230' title='bbox 508 2566 572 2623; x_wconf 93' lang='lat' dir='ltr'>holo</span> <span class='ocrx_word' id='word_1_231' title='bbox 595 2584 668 2626; x_wconf 85' lang='lat' dir='ltr'>csse,</span> <span class='ocrx_word' id='word_1_232' title='bbox 693 2565 786 2620; x_wconf 87' lang='lat' dir='ltr'>unhas</span> <span class='ocrx_word' id='word_1_233' title='bbox 809 2565 1002 2620; x_wconf 89' lang='lat' dir='ltr'>monachorum</span> <span class='ocrx_word' id='word_1_234' title='bbox 1024 2574 1052 2621; x_wconf 93' lang='lat' dir='ltr'>et</span> <span class='ocrx_word' id='word_1_235' title='bbox 1075 2566 1207 2621; x_wconf 79' lang='lat' dir='ltr'>factiones</span> <span class='ocrx_word' id='word_1_236' title='bbox 1230 2566 1399 2621; x_wconf 78' lang='lat' dir='ltr'>sacerdotum</span> <span class='ocrx_word' id='word_1_237' title='bbox 1423 2583 1483 2621; x_wconf 90' lang='lat' dir='ltr'>esse</span> <span class='ocrx_word' id='word_1_238' title='bbox 1506 2564 1539 2620; x_wconf 88' lang='lat' dir='ltr'>ah</span> <span class='ocrx_word' id='word_1_239' title='bbox 1555 2564 1739 2626; x_wconf 78' lang='lat' dir='ltr'>Antichristo,</span> <span class='ocrx_word' id='word_1_240' title='bbox 1764 2581 1805 2618; x_wconf 85' lang='lat' dir='ltr'>ra·</span> 
     </span>
    </p>
   </div>
   <div class='ocr_carea' id='block_1_3' title="bbox 423 2648 1907 2725">
    <p class='ocr_par' dir='ltr' id='par_1_4' title="bbox 423 2648 1907 2725">
     <span class='ocr_line' id='line_1_23' title="bbox 423 2648 1907 2725; baseline -0.002 -20"><span class='ocrx_word' id='word_1_241' title='bbox 423 2686 430 2699; x_wconf 82' lang='lat'><strong>·</strong></span> <span class='ocrx_word' id='word_1_242' title='bbox 509 2660 602 2725; x_wconf 90' lang='lat' dir='ltr'>ptores</span> <span class='ocrx_word' id='word_1_243' title='bbox 626 2667 700 2710; x_wconf 87' lang='lat' dir='ltr'>esse,</span> <span class='ocrx_word' id='word_1_244' title='bbox 724 2650 812 2710; x_wconf 86' lang='lat' dir='ltr'>iures,</span> <span class='ocrx_word' id='word_1_245' title='bbox 836 2649 1018 2722; x_wconf 74' lang='lat' dir='ltr'>sycophantas</span> <span class='ocrx_word' id='word_1_246' title='bbox 1040 2657 1067 2703; x_wconf 86' lang='lat' dir='ltr'>et</span> <span class='ocrx_word' id='word_1_247' title='bbox 1090 2650 1262 2723; x_wconf 75' lang='lat' dir='ltr'>hypocritas,</span> <span class='ocrx_word' id='word_1_248' title='bbox 1292 2651 1390 2723; x_wconf 70' lang='lat' dir='ltr'>(lignos</span> <span class='ocrx_word' id='word_1_249' title='bbox 1413 2668 1483 2724; x_wconf 91' lang='lat' dir='ltr'>qnos</span> <span class='ocrx_word' id='word_1_250' title='bbox 1506 2667 1537 2704; x_wconf 82' lang='lat' dir='ltr'>ex</span> <span class='ocrx_word' id='word_1_251' title='bbox 1560 2649 1612 2705; x_wconf 91' lang='lat' dir='ltr'>hoc</span> <span class='ocrx_word' id='word_1_252' title='bbox 1634 2648 1701 2704; x_wconf 90' lang='lat' dir='ltr'>orbe</span> <span class='ocrx_word' id='word_1_253' title='bbox 1723 2648 1803 2704; x_wconf 90' lang='lat' dir='ltr'>etiam</span> <span class='ocrx_word' id='word_1_254' title='bbox 1899 2652 1907 2667; x_wconf 87' lang='lat'>&#39;</span> 
     </span>
    </p>
   </div>
   <div class='ocr_carea' id='block_1_4' title="bbox 508 2733 1804 2901">
    <p class='ocr_par' dir='ltr' id='par_1_5' title="bbox 508 2733 1804 2901">
     <span class='ocr_line' id='line_1_24' title="bbox 508 2733 1804 2808; baseline -0.003 -17"><span class='ocrx_word' id='word_1_255' title='bbox 508 2736 540 2791; x_wconf 86' lang='lat' dir='ltr'>avl</span> <span class='ocrx_word' id='word_1_256' title='bbox 564 2735 663 2790; x_wconf 86' lang='lat' dir='ltr'>aneas</span> <span class='ocrx_word' id='word_1_257' title='bbox 686 2733 901 2807; x_wconf 79' lang='lat' dir='ltr'>profligaremus.</span> <span class='ocrx_word' id='word_1_258' title='bbox 946 2733 974 2787; x_wconf 89' lang='lat' dir='ltr'>Si</span> <span class='ocrx_word' id='word_1_259' title='bbox 996 2734 1048 2788; x_wconf 92' lang='lat' dir='ltr'>hoc</span> <span class='ocrx_word' id='word_1_260' title='bbox 1071 2742 1114 2789; x_wconf 92' lang='lat' dir='ltr'>cst</span> <span class='ocrx_word' id='word_1_261' title='bbox 1136 2734 1308 2808; x_wconf 88' lang='lat' dir='ltr'>impudenter</span> <span class='ocrx_word' id='word_1_262' title='bbox 1331 2753 1359 2791; x_wconf 91' lang='lat' dir='ltr'>se</span> <span class='ocrx_word' id='word_1_263' title='bbox 1382 2736 1522 2808; x_wconf 84' lang='lat' dir='ltr'>ingerere,</span> <span class='ocrx_word' id='word_1_264' title='bbox 1545 2735 1603 2790; x_wconf 78' lang='lat' dir='ltr'>virle</span> <span class='ocrx_word' id='word_1_265' title='bbox 1627 2750 1661 2789; x_wconf 92' lang='lat' dir='ltr'>ne</span> <span class='ocrx_word' id='word_1_266' title='bbox 1684 2733 1735 2789; x_wconf 90' lang='lat' dir='ltr'>hac</span> <span class='ocrx_word' id='word_1_267' title='bbox 1751 2740 1804 2788; x_wconf 90' lang='lat' dir='ltr'>tam</span> 
     </span>
     <span class='ocr_line' id='line_1_25' title="bbox 509 2816 1560 2901; baseline -0.003 -27"><span class='ocrx_word' id='word_1_268' title='bbox 509 2818 685 2901; x_wconf 81' lang='lat' dir='ltr'>abominanda</span> <span class='ocrx_word' id='word_1_269' title='bbox 709 2816 874 2890; x_wconf 86' lang='lat' dir='ltr'>iurprulcntia</span> <span class='ocrx_word' id='word_1_270' title='bbox 895 2818 988 2872; x_wconf 65' lang='lat' dir='ltr'>&#39;verum</span> <span class='ocrx_word' id='word_1_271' title='bbox 1010 2818 1117 2873; x_wconf 72' lang='lat' dir='ltr'>eliserit..</span> <span class='ocrx_word' id='word_1_272' title='bbox 1545 2831 1560 2859; x_wconf 82' lang='lat'><strong>·</strong></span> 
     </span>
    </p>
   </div>
   <div class='ocr_carea' id='block_1_5' title="bbox 582 2997 1834 3134">
    <p class='ocr_par' dir='ltr' id='par_1_6' title="bbox 582 2997 1834 3134">
     <span class='ocr_line' id='line_1_26' title="bbox 582 2997 1834 3061; baseline 0.004 -12"><span class='ocrx_word' id='word_1_273' title='bbox 582 2997 743 3049; x_wconf 81' lang='lat' dir='ltr'>OTHONIS</span> <span class='ocrx_word' id='word_1_274' title='bbox 761 2997 982 3048; x_wconf 82' lang='lat' dir='ltr'>BRVNFELSII</span> <span class='ocrx_word' id='word_1_275' title='bbox 999 3000 1048 3048; x_wconf 84' lang='lat' dir='ltr'>AD</span> <span class='ocrx_word' id='word_1_276' title='bbox 1067 3000 1219 3061; x_wconf 54' lang='lat' dir='ltr'>131leAE</span> <span class='ocrx_word' id='word_1_277' title='bbox 1239 3000 1330 3050; x_wconf 86' lang='lat' dir='ltr'>SVNT</span> <span class='ocrx_word' id='word_1_278' title='bbox 1349 3001 1398 3049; x_wconf 82' lang='lat' dir='ltr'>EX</span> <span class='ocrx_word' id='word_1_279' title='bbox 1416 2998 1552 3049; x_wconf 74' lang='lat' dir='ltr'>nunaut</span> <span class='ocrx_word' id='word_1_280' title='bbox 1571 2998 1731 3049; x_wconf 78' lang='lat' dir='ltr'>SPONGIA</span> <span class='ocrx_word' id='word_1_281' title='bbox 1812 3016 1834 3054; x_wconf 68' lang='lat' dir='ltr'>aa</span> 
     </span>
     <span class='ocr_line' id='line_1_27' title="bbox 1051 3084 1263 3134; baseline 0.005 -1"><span class='ocrx_word' id='word_1_282' title='bbox 1051 3084 1263 3134; x_wconf 81' lang='lat' dir='ltr'><strong>RESPONSIO.</strong></span> 
     </span>
    </p>
   </div>
   <div class='ocr_carea' id='block_1_6' title="bbox 511 3202 1844 4887">
    <p class='ocr_par' dir='ltr' id='par_1_7' title="bbox 513 3202 1806 3365">
     <span class='ocr_line' id='line_1_28' title="bbox 574 3202 1806 3284; baseline -0.006 -17"><span class='ocrx_word' id='word_1_283' title='bbox 574 3202 648 3283; x_wconf 62' lang='lat' dir='ltr'>[ht]</span> <span class='ocrx_word' id='word_1_284' title='bbox 687 3222 842 3263; x_wconf 80' lang='lat' dir='ltr'>auasnvs.</span> <span class='ocrx_word' id='word_1_285' title='bbox 861 3207 992 3284; x_wconf 33' lang='lat' dir='ltr'>‘Tantum</span> <span class='ocrx_word' id='word_1_286' title='bbox 1007 3209 1081 3262; x_wconf 84' lang='lat' dir='ltr'>euim</span> <span class='ocrx_word' id='word_1_287' title='bbox 1099 3205 1226 3279; x_wconf 80' lang='lat' dir='ltr'>Sponpia</span> <span class='ocrx_word' id='word_1_288' title='bbox 1241 3209 1409 3262; x_wconf 75' lang='lat' dir='ltr'>deteramus</span> <span class='ocrx_word' id='word_1_289' title='bbox 1431 3222 1503 3261; x_wconf 80' lang='lat' dir='ltr'>sitm.</span> <span class='ocrx_word' id='word_1_290' title='bbox 1570 3221 1669 3261; x_wconf 75' lang='lat' dir='ltr'>oraro.</span> <span class='ocrx_word' id='word_1_291' title='bbox 1695 3205 1751 3260; x_wconf 86' lang='lat' dir='ltr'>huo</span> <span class='ocrx_word' id='word_1_292' title='bbox 1775 3222 1806 3259; x_wconf 87' lang='lat' dir='ltr'>ne</span> 
     </span>
     <span class='ocr_line' id='line_1_29' title="bbox 513 3292 891 3365; baseline -0.013 -15"><span class='ocrx_word' id='word_1_293' title='bbox 513 3301 622 3350; x_wconf 88' lang='lat' dir='ltr'>centurn</span> <span class='ocrx_word' id='word_1_294' title='bbox 646 3293 732 3348; x_wconf 81' lang='lat' dir='ltr'>ailhuc</span> <span class='ocrx_word' id='word_1_295' title='bbox 755 3292 891 3365; x_wconf 82' lang='lat' dir='ltr'>Spougiis.</span> 
     </span>
    </p>

    <p class='ocr_par' dir='ltr' id='par_1_8' title="bbox 511 3372 1841 3773">
     <span class='ocr_line' id='line_1_30' title="bbox 575 3372 1807 3454; baseline 0.002 -27"><span class='ocrx_word' id='word_1_296' title='bbox 575 3372 647 3454; x_wconf 63' lang='lat' dir='ltr'>[aa]</span> <span class='ocrx_word' id='word_1_297' title='bbox 692 3393 741 3432; x_wconf 83' lang='lat' dir='ltr'>na.</span> <span class='ocrx_word' id='word_1_298' title='bbox 773 3377 854 3432; x_wconf 83' lang='lat' dir='ltr'>Nihil</span> <span class='ocrx_word' id='word_1_299' title='bbox 880 3377 1032 3431; x_wconf 85' lang='lat' dir='ltr'>eriminum</span> <span class='ocrx_word' id='word_1_300' title='bbox 1063 3384 1114 3431; x_wconf 79' lang='lat' dir='ltr'>ciart</span> <span class='ocrx_word' id='word_1_301' title='bbox 1146 3378 1338 3431; x_wconf 68' lang='lat' dir='ltr'>contriciorum</span> <span class='ocrx_word' id='word_1_302' title='bbox 1372 3378 1400 3430; x_wconf 85' lang='lat' dir='ltr'>in</span> <span class='ocrx_word' id='word_1_303' title='bbox 1428 3376 1631 3430; x_wconf 79' lang='lat' dir='ltr'>adversarium</span> <span class='ocrx_word' id='word_1_304' title='bbox 1664 3390 1807 3446; x_wconf 80' lang='lat' dir='ltr'>raperem.</span> 
     </span>
     <span class='ocr_line' id='line_1_31' title="bbox 512 3459 1841 3533; baseline -0.005 -13"><span class='ocrx_word' id='word_1_305' title='bbox 512 3480 562 3520; x_wconf 81' lang='lat' dir='ltr'>or.</span> <span class='ocrx_word' id='word_1_306' title='bbox 593 3461 648 3517; x_wconf 90' lang='lat' dir='ltr'>lloe</span> <span class='ocrx_word' id='word_1_307' title='bbox 676 3471 749 3518; x_wconf 90' lang='lat' dir='ltr'>certe</span> <span class='ocrx_word' id='word_1_308' title='bbox 778 3462 915 3517; x_wconf 87' lang='lat' dir='ltr'>decuisset</span> <span class='ocrx_word' id='word_1_309' title='bbox 944 3460 1103 3533; x_wconf 82' lang='lat' dir='ltr'>theologum</span> <span class='ocrx_word' id='word_1_310' title='bbox 1129 3461 1285 3530; x_wconf 51' lang='lat' dir='ltr'>‚homincm;</span> <span class='ocrx_word' id='word_1_311' title='bbox 1315 3459 1361 3515; x_wconf 86' lang='lat' dir='ltr'>sed</span> <span class='ocrx_word' id='word_1_312' title='bbox 1384 3461 1415 3515; x_wconf 87' lang='lat' dir='ltr'>ad</span> <span class='ocrx_word' id='word_1_313' title='bbox 1440 3460 1504 3533; x_wconf 82' lang='lat' dir='ltr'>quid</span> <span class='ocrx_word' id='word_1_314' title='bbox 1526 3459 1648 3533; x_wconf 83' lang='lat' dir='ltr'>appellas</span> <span class='ocrx_word' id='word_1_315' title='bbox 1671 3459 1841 3514; x_wconf 78' lang='lat' dir='ltr'>nominemo</span> 
     </span>
     <span class='ocr_line' id='line_1_32' title="bbox 511 3543 1810 3622; baseline -0.001 -22"><span class='ocrx_word' id='word_1_316' title='bbox 511 3547 649 3622; x_wconf 75' lang='lat' dir='ltr'>perfricta</span> <span class='ocrx_word' id='word_1_317' title='bbox 672 3547 787 3607; x_wconf 86' lang='lat' dir='ltr'>lrontis.</span> <span class='ocrx_word' id='word_1_318' title='bbox 811 3547 946 3601; x_wconf 85' lang='lat' dir='ltr'>hominem</span> <span class='ocrx_word' id='word_1_319' title='bbox 969 3545 1071 3600; x_wconf 92' lang='lat' dir='ltr'>nullius</span> <span class='ocrx_word' id='word_1_320' title='bbox 1087 3546 1179 3619; x_wconf 89' lang='lat' dir='ltr'>peusi,</span> <span class='ocrx_word' id='word_1_321' title='bbox 1205 3544 1404 3619; x_wconf 83' lang='lat' dir='ltr'>imprudentem</span> <span class='ocrx_word' id='word_1_322' title='bbox 1420 3552 1448 3598; x_wconf 86' lang='lat' dir='ltr'>et</span> <span class='ocrx_word' id='word_1_323' title='bbox 1463 3544 1651 3600; x_wconf 79' lang='lat' dir='ltr'>Gnathonem?</span> <span class='ocrx_word' id='word_1_324' title='bbox 1675 3543 1810 3611; x_wconf 82' lang='lat' dir='ltr'>Quorsum</span> 
     </span>
     <span class='ocr_line' id='line_1_33' title="bbox 511 3629 1812 3706; baseline -0.005 -18"><span class='ocrx_word' id='word_1_325' title='bbox 511 3640 636 3706; x_wconf 87' lang='lat' dir='ltr'>spectant</span> <span class='ocrx_word' id='word_1_326' title='bbox 658 3640 686 3686; x_wconf 91' lang='lat' dir='ltr'>ct</span> <span class='ocrx_word' id='word_1_327' title='bbox 708 3630 759 3686; x_wconf 92' lang='lat' dir='ltr'>alia</span> <span class='ocrx_word' id='word_1_328' title='bbox 782 3631 990 3685; x_wconf 88' lang='lat' dir='ltr'>venenatissima</span> <span class='ocrx_word' id='word_1_329' title='bbox 1013 3638 1159 3686; x_wconf 89' lang='lat' dir='ltr'>scommata</span> <span class='ocrx_word' id='word_1_330' title='bbox 1182 3638 1209 3685; x_wconf 88' lang='lat' dir='ltr'>et</span> <span class='ocrx_word' id='word_1_331' title='bbox 1232 3629 1443 3685; x_wconf 76' lang='lat' dir='ltr'>rnorvlacissimaa¹</span> <span class='ocrx_word' id='word_1_332' title='bbox 1466 3630 1581 3684; x_wconf 77' lang='lat' dir='ltr'>ironiae?</span> <span class='ocrx_word' id='word_1_333' title='bbox 1605 3632 1644 3683; x_wconf 82' lang='lat' dir='ltr'>An</span> <span class='ocrx_word' id='word_1_334' title='bbox 1668 3646 1724 3684; x_wconf 90' lang='lat' dir='ltr'>uon</span> <span class='ocrx_word' id='word_1_335' title='bbox 1748 3635 1812 3683; x_wconf 88' lang='lat' dir='ltr'>sunt</span> 
     </span>
     <span class='ocr_line' id='line_1_34' title="bbox 512 3706 1754 3773; baseline -0.005 -1"><span class='ocrx_word' id='word_1_336' title='bbox 512 3719 563 3773; x_wconf 89' lang='lat' dir='ltr'>ista</span> <span class='ocrx_word' id='word_1_337' title='bbox 586 3716 723 3772; x_wconf 86' lang='lat' dir='ltr'>convicia?</span> <span class='ocrx_word' id='word_1_338' title='bbox 1745 3706 1754 3723; x_wconf 88' lang='lat'>&#39;</span> 
     </span>
    </p>

    <p class='ocr_par' dir='ltr' id='par_1_9' title="bbox 512 3796 1842 4210">
     <span class='ocr_line' id='line_1_35' title="bbox 575 3796 1812 3876; baseline 0.002 -26"><span class='ocrx_word' id='word_1_339' title='bbox 575 3796 648 3876; x_wconf 64' lang='lat' dir='ltr'>[aa]</span> <span class='ocrx_word' id='word_1_340' title='bbox 695 3816 744 3856; x_wconf 76' lang='lat' dir='ltr'>aa.</span> <span class='ocrx_word' id='word_1_341' title='bbox 769 3798 893 3853; x_wconf 82' lang='lat' dir='ltr'>Dabitur</span> <span class='ocrx_word' id='word_1_342' title='bbox 915 3799 969 3853; x_wconf 87' lang='lat' dir='ltr'>hoe</span> <span class='ocrx_word' id='word_1_343' title='bbox 992 3801 1035 3854; x_wconf 87' lang='lat' dir='ltr'>nel</span> <span class='ocrx_word' id='word_1_344' title='bbox 1056 3801 1190 3854; x_wconf 81' lang='lat' dir='ltr'>amicitiae</span> <span class='ocrx_word' id='word_1_345' title='bbox 1210 3800 1343 3869; x_wconf 77' lang='lat' dir='ltr'>pristinae</span> <span class='ocrx_word' id='word_1_346' title='bbox 1365 3800 1409 3854; x_wconf 82' lang='lat' dir='ltr'>ael</span> <span class='ocrx_word' id='word_1_347' title='bbox 1429 3814 1499 3853; x_wconf 84' lang='lat' dir='ltr'>mete</span> <span class='ocrx_word' id='word_1_348' title='bbox 1518 3806 1670 3876; x_wconf 75' lang='lat' dir='ltr'>perpetuae</span> <span class='ocrx_word' id='word_1_349' title='bbox 1691 3812 1812 3853; x_wconf 82' lang='lat' dir='ltr'>consue·</span> 
     </span>
     <span class='ocr_line' id='line_1_36' title="bbox 512 3880 1842 3956; baseline -0.004 -16"><span class='ocrx_word' id='word_1_350' title='bbox 512 3886 611 3940; x_wconf 79' lang='lat' dir='ltr'>triclini.</span> <span class='ocrx_word' id='word_1_351' title='bbox 679 3899 730 3939; x_wconf 80' lang='lat' dir='ltr'>or.</span> <span class='ocrx_word' id='word_1_352' title='bbox 761 3883 824 3937; x_wconf 76' lang='lat' dir='ltr'>Tuae</span> <span class='ocrx_word' id='word_1_353' title='bbox 853 3891 994 3956; x_wconf 77' lang='lat' dir='ltr'>perpetuae</span> <span class='ocrx_word' id='word_1_354' title='bbox 1022 3883 1142 3939; x_wconf 88' lang='lat' dir='ltr'>vairiciei</span> <span class='ocrx_word' id='word_1_355' title='bbox 1172 3891 1199 3938; x_wconf 89' lang='lat' dir='ltr'>et</span> <span class='ocrx_word' id='word_1_356' title='bbox 1227 3882 1432 3944; x_wconf 75' lang='lat' dir='ltr'>fraudulentiae,</span> <span class='ocrx_word' id='word_1_357' title='bbox 1462 3900 1514 3956; x_wconf 90' lang='lat' dir='ltr'>qua</span> <span class='ocrx_word' id='word_1_358' title='bbox 1543 3880 1626 3955; x_wconf 81' lang='lat' dir='ltr'>hugis</span> <span class='ocrx_word' id='word_1_359' title='bbox 1648 3882 1842 3956; x_wconf 74' lang='lat' dir='ltr'>etpungisas</span> 
     </span>
     <span class='ocr_line' id='line_1_37' title="bbox 513 3966 1812 4042; baseline -0.003 -18"><span class='ocrx_word' id='word_1_360' title='bbox 513 3968 619 4025; x_wconf 88' lang='lat' dir='ltr'>mordes</span> <span class='ocrx_word' id='word_1_361' title='bbox 641 3967 767 4023; x_wconf 89' lang='lat' dir='ltr'>vlentihus</span> <span class='ocrx_word' id='word_1_362' title='bbox 790 3975 818 4021; x_wconf 91' lang='lat' dir='ltr'>et</span> <span class='ocrx_word' id='word_1_363' title='bbox 840 3968 971 4040; x_wconf 73' lang='lat' dir='ltr'>protheus</span> <span class='ocrx_word' id='word_1_364' title='bbox 993 3986 1101 4042; x_wconf 80' lang='lat' dir='ltr'>paceni,</span> <span class='ocrx_word' id='word_1_365' title='bbox 1132 3985 1183 4042; x_wconf 89' lang='lat' dir='ltr'>qua</span> <span class='ocrx_word' id='word_1_366' title='bbox 1213 3985 1245 4023; x_wconf 78' lang='lat' dir='ltr'>er</span> <span class='ocrx_word' id='word_1_367' title='bbox 1274 3968 1369 4023; x_wconf 71' lang='lat' dir='ltr'>coelem</span> <span class='ocrx_word' id='word_1_368' title='bbox 1392 3985 1440 4023; x_wconf 92' lang='lat' dir='ltr'>ure</span> <span class='ocrx_word' id='word_1_369' title='bbox 1462 3966 1578 4023; x_wconf 83' lang='lat' dir='ltr'>calidum</span> <span class='ocrx_word' id='word_1_370' title='bbox 1601 3967 1691 4040; x_wconf 87' lang='lat' dir='ltr'>spiras</span> <span class='ocrx_word' id='word_1_371' title='bbox 1713 3975 1742 4022; x_wconf 90' lang='lat' dir='ltr'>et</span> <span class='ocrx_word' id='word_1_372' title='bbox 1765 3967 1812 4020; x_wconf 86' lang='lat' dir='ltr'>iri·</span> 
     </span>
     <span class='ocr_line' id='line_1_38' title="bbox 512 4051 1811 4126; baseline 0 -20"><span class='ocrx_word' id='word_1_373' title='bbox 512 4053 620 4126; x_wconf 74' lang='lat' dir='ltr'>gitium,</span> <span class='ocrx_word' id='word_1_374' title='bbox 650 4068 701 4124; x_wconf 89' lang='lat' dir='ltr'>qua</span> <span class='ocrx_word' id='word_1_375' title='bbox 725 4068 777 4106; x_wconf 90' lang='lat' dir='ltr'>uua</span> <span class='ocrx_word' id='word_1_376' title='bbox 800 4067 880 4107; x_wconf 89' lang='lat' dir='ltr'>maun</span> <span class='ocrx_word' id='word_1_377' title='bbox 904 4060 1026 4107; x_wconf 86' lang='lat' dir='ltr'>ostentas</span> <span class='ocrx_word' id='word_1_378' title='bbox 1048 4070 1146 4126; x_wconf 89' lang='lat' dir='ltr'>panem</span> <span class='ocrx_word' id='word_1_379' title='bbox 1169 4061 1197 4107; x_wconf 86' lang='lat' dir='ltr'>et</span> <span class='ocrx_word' id='word_1_380' title='bbox 1225 4051 1311 4107; x_wconf 89' lang='lat' dir='ltr'>altera</span> <span class='ocrx_word' id='word_1_381' title='bbox 1339 4052 1455 4125; x_wconf 88' lang='lat' dir='ltr'>lapidem</span> <span class='ocrx_word' id='word_1_382' title='bbox 1484 4051 1565 4108; x_wconf 85' lang='lat' dir='ltr'>celas.</span> <span class='ocrx_word' id='word_1_383' title='bbox 1610 4051 1673 4117; x_wconf 68' lang='lat' dir='ltr'>llaec</span> <span class='ocrx_word' id='word_1_384' title='bbox 1695 4068 1811 4107; x_wconf 89' lang='lat' dir='ltr'>cousue-</span> 
     </span>
     <span class='ocr_line' id='line_1_39' title="bbox 514 4136 1164 4210; baseline -0.003 -18"><span class='ocrx_word' id='word_1_385' title='bbox 514 4137 593 4197; x_wconf 78' lang='lat' dir='ltr'>tutlo.</span> <span class='ocrx_word' id='word_1_386' title='bbox 618 4136 640 4191; x_wconf 90' lang='lat' dir='ltr'>si</span> <span class='ocrx_word' id='word_1_387' title='bbox 664 4136 712 4191; x_wconf 91' lang='lat' dir='ltr'>tihi</span> <span class='ocrx_word' id='word_1_388' title='bbox 737 4144 869 4209; x_wconf 83' lang='lat' dir='ltr'>perpetua</span> <span class='ocrx_word' id='word_1_389' title='bbox 892 4146 950 4198; x_wconf 90' lang='lat' dir='ltr'>cst,</span> <span class='ocrx_word' id='word_1_390' title='bbox 974 4138 1090 4210; x_wconf 87' lang='lat' dir='ltr'>pessima</span> <span class='ocrx_word' id='word_1_391' title='bbox 1113 4145 1164 4191; x_wconf 88' lang='lat' dir='ltr'>est.</span> 
     </span>
    </p>

    <p class='ocr_par' dir='ltr' id='par_1_10' title="bbox 514 4215 1843 4380">
     <span class='ocr_line' id='line_1_40' title="bbox 578 4215 1810 4296; baseline -0.001 -21"><span class='ocrx_word' id='word_1_392' title='bbox 578 4215 649 4296; x_wconf 66' lang='lat' dir='ltr'>[aa]</span> <span class='ocrx_word' id='word_1_393' title='bbox 694 4237 744 4277; x_wconf 79' lang='lat' dir='ltr'>nu.</span> <span class='ocrx_word' id='word_1_394' title='bbox 770 4220 849 4289; x_wconf 86' lang='lat' dir='ltr'>Scio,</span> <span class='ocrx_word' id='word_1_395' title='bbox 873 4240 929 4277; x_wconf 80' lang='lat' dir='ltr'>noar</span> <span class='ocrx_word' id='word_1_396' title='bbox 951 4221 1012 4292; x_wconf 73' lang='lat' dir='ltr'>sert</span> <span class='ocrx_word' id='word_1_397' title='bbox 1034 4229 1224 4290; x_wconf 83' lang='lat' dir='ltr'>contemptum</span> <span class='ocrx_word' id='word_1_398' title='bbox 1248 4222 1370 4276; x_wconf 84' lang='lat' dir='ltr'>Hutteni</span> <span class='ocrx_word' id='word_1_399' title='bbox 1388 4235 1546 4292; x_wconf 79' lang='lat' dir='ltr'>peneresns</span> <span class='ocrx_word' id='word_1_400' title='bbox 1568 4223 1690 4275; x_wconf 82' lang='lat' dir='ltr'>animus.</span> <span class='ocrx_word' id='word_1_401' title='bbox 1759 4235 1810 4276; x_wconf 85' lang='lat' dir='ltr'>or.</span> 
     </span>
     <span class='ocr_line' id='line_1_41' title="bbox 514 4305 1843 4380; baseline -0.005 -19"><span class='ocrx_word' id='word_1_402' title='bbox 514 4305 568 4362; x_wconf 94' lang='lat' dir='ltr'>lloc</span> <span class='ocrx_word' id='word_1_403' title='bbox 591 4307 658 4361; x_wconf 76' lang='lat' dir='ltr'>aileu</span> <span class='ocrx_word' id='word_1_404' title='bbox 683 4305 730 4361; x_wconf 90' lang='lat' dir='ltr'>tihi</span> <span class='ocrx_word' id='word_1_405' title='bbox 753 4323 913 4380; x_wconf 85' lang='lat' dir='ltr'>persuasum</span> <span class='ocrx_word' id='word_1_406' title='bbox 931 4306 1011 4367; x_wconf 90' lang='lat' dir='ltr'>hahc,</span> <span class='ocrx_word' id='word_1_407' title='bbox 1035 4323 1089 4361; x_wconf 91' lang='lat' dir='ltr'>non</span> <span class='ocrx_word' id='word_1_408' title='bbox 1106 4305 1214 4361; x_wconf 88' lang='lat' dir='ltr'>tulisset</span> <span class='ocrx_word' id='word_1_409' title='bbox 1230 4314 1369 4361; x_wconf 77' lang='lat' dir='ltr'>cruentant</span> <span class='ocrx_word' id='word_1_410' title='bbox 1386 4312 1413 4359; x_wconf 88' lang='lat' dir='ltr'>ct</span> <span class='ocrx_word' id='word_1_411' title='bbox 1428 4323 1551 4379; x_wconf 87' lang='lat' dir='ltr'>asperam</span> <span class='ocrx_word' id='word_1_412' title='bbox 1569 4305 1716 4379; x_wconf 79' lang='lat' dir='ltr'>Spongiam</span> <span class='ocrx_word' id='word_1_413' title='bbox 1734 4305 1810 4360; x_wconf 84' lang='lat' dir='ltr'>hane.</span> <span class='ocrx_word' id='word_1_414' title='bbox 1821 4316 1843 4356; x_wconf 85' lang='lat' dir='ltr'>u</span> 
     </span>
    </p>

    <p class='ocr_par' dir='ltr' id='par_1_11' title="bbox 511 4386 1844 4887">
     <span class='ocr_line' id='line_1_42' title="bbox 578 4386 1813 4468; baseline -0.002 -22"><span class='ocrx_word' id='word_1_415' title='bbox 578 4386 651 4468; x_wconf 69' lang='grc' dir='ltr'>[ιῖ]</span> <span class='ocrx_word' id='word_1_416' title='bbox 696 4406 745 4446; x_wconf 81' lang='lat' dir='ltr'>un.</span> <span class='ocrx_word' id='word_1_417' title='bbox 769 4391 896 4446; x_wconf 82' lang='lat' dir='ltr'>Proinde</span> <span class='ocrx_word' id='word_1_418' title='bbox 918 4408 980 4445; x_wconf 80' lang='lat' dir='ltr'>eatan</span> <span class='ocrx_word' id='word_1_419' title='bbox 1005 4393 1107 4446; x_wconf 85' lang='lat' dir='ltr'>multos</span> <span class='ocrx_word' id='word_1_420' title='bbox 1128 4392 1288 4446; x_wconf 76' lang='lat' dir='ltr'>lacessierit</span> <span class='ocrx_word' id='word_1_421' title='bbox 1310 4390 1432 4445; x_wconf 82' lang='lat' dir='ltr'>antehoc</span> <span class='ocrx_word' id='word_1_422' title='bbox 1454 4392 1544 4445; x_wconf 81' lang='lat' dir='ltr'>acidis</span> <span class='ocrx_word' id='word_1_423' title='bbox 1565 4391 1679 4456; x_wconf 81' lang='lat' dir='ltr'>libellis,</span> <span class='ocrx_word' id='word_1_424' title='bbox 1703 4405 1757 4445; x_wconf 85' lang='lat' dir='ltr'>nec</span> <span class='ocrx_word' id='word_1_425' title='bbox 1772 4390 1813 4444; x_wconf 82' lang='lat' dir='ltr'>ul-</span> 
     </span>
     <span class='ocr_line' id='line_1_43' title="bbox 511 4474 1812 4547; baseline -0.005 -14"><span class='ocrx_word' id='word_1_426' title='bbox 511 4479 557 4533; x_wconf 81' lang='lat' dir='ltr'>lus</span> <span class='ocrx_word' id='word_1_427' title='bbox 578 4478 657 4531; x_wconf 84' lang='lat' dir='ltr'>illum</span> <span class='ocrx_word' id='word_1_428' title='bbox 680 4477 820 4531; x_wconf 82' lang='lat' dir='ltr'>haetenus</span> <span class='ocrx_word' id='word_1_429' title='bbox 841 4491 980 4546; x_wconf 84' lang='lat' dir='ltr'>responso</span> <span class='ocrx_word' id='word_1_430' title='bbox 1002 4477 1137 4547; x_wconf 73' lang='lat' dir='ltr'>clipeatus</span> <span class='ocrx_word' id='word_1_431' title='bbox 1158 4478 1209 4542; x_wconf 85' lang='lat' dir='ltr'>sit,</span> <span class='ocrx_word' id='word_1_432' title='bbox 1232 4482 1260 4530; x_wconf 89' lang='lat' dir='ltr'>et</span> <span class='ocrx_word' id='word_1_433' title='bbox 1281 4475 1334 4530; x_wconf 88' lang='lat' dir='ltr'>hoe</span> <span class='ocrx_word' id='word_1_434' title='bbox 1349 4475 1466 4530; x_wconf 81' lang='lat' dir='ltr'>honoris</span> <span class='ocrx_word' id='word_1_435' title='bbox 1479 4474 1557 4546; x_wconf 82' lang='lat' dir='ltr'>feret</span> <span class='ocrx_word' id='word_1_436' title='bbox 1572 4493 1590 4530; x_wconf 86' lang='lat' dir='ltr'>a</span> <span class='ocrx_word' id='word_1_437' title='bbox 1606 4476 1697 4530; x_wconf 82' lang='lat' dir='ltr'>aeteri</span> <span class='ocrx_word' id='word_1_438' title='bbox 1711 4476 1812 4530; x_wconf 85' lang='lat' dir='ltr'>amico.</span> 
     </span>
     <span class='ocr_line' id='line_1_44' title="bbox 514 4559 1814 4633; baseline -0.004 -15"><span class='ocrx_word' id='word_1_439' title='bbox 514 4580 565 4618; x_wconf 83' lang='lat' dir='ltr'>or.</span> <span class='ocrx_word' id='word_1_440' title='bbox 590 4561 641 4617; x_wconf 82' lang='lat' dir='ltr'>Seu</span> <span class='ocrx_word' id='word_1_441' title='bbox 665 4561 743 4616; x_wconf 88' lang='lat' dir='ltr'>alteri</span> <span class='ocrx_word' id='word_1_442' title='bbox 768 4560 839 4616; x_wconf 85' lang='lat' dir='ltr'>ieras</span> <span class='ocrx_word' id='word_1_443' title='bbox 862 4559 912 4615; x_wconf 93' lang='lat' dir='ltr'>hos</span> <span class='ocrx_word' id='word_1_444' title='bbox 937 4560 1057 4616; x_wconf 89' lang='lat' dir='ltr'>honores</span> <span class='ocrx_word' id='word_1_445' title='bbox 1073 4560 1196 4633; x_wconf 87' lang='lat' dir='ltr'>posthac.</span> <span class='ocrx_word' id='word_1_446' title='bbox 1240 4560 1386 4616; x_wconf 81' lang='lat' dir='ltr'>lacessivit</span> <span class='ocrx_word' id='word_1_447' title='bbox 1402 4560 1532 4632; x_wconf 83' lang='lat' dir='ltr'>quosdam</span> <span class='ocrx_word' id='word_1_448' title='bbox 1549 4560 1651 4632; x_wconf 92' lang='lat' dir='ltr'>optime</span> <span class='ocrx_word' id='word_1_449' title='bbox 1666 4567 1743 4615; x_wconf 91' lang='lat' dir='ltr'>certe</span> <span class='ocrx_word' id='word_1_450' title='bbox 1759 4576 1814 4614; x_wconf 91' lang='lat' dir='ltr'>me-</span> 
     </span>
     <span class='ocr_line' id='line_1_45' title="bbox 512 4642 1815 4718; baseline -0.003 -16"><span class='ocrx_word' id='word_1_451' title='bbox 512 4647 580 4702; x_wconf 90' lang='lat' dir='ltr'>ritos</span> <span class='ocrx_word' id='word_1_452' title='bbox 610 4655 637 4701; x_wconf 90' lang='lat' dir='ltr'>et</span> <span class='ocrx_word' id='word_1_453' title='bbox 667 4645 811 4717; x_wconf 82' lang='lat' dir='ltr'>insigniter</span> <span class='ocrx_word' id='word_1_454' title='bbox 840 4644 991 4717; x_wconf 78' lang='lat' dir='ltr'>llagitiosos</span> <span class='ocrx_word' id='word_1_455' title='bbox 1021 4653 1048 4700; x_wconf 90' lang='grc' dir='ltr'>ει</span> <span class='ocrx_word' id='word_1_456' title='bbox 1075 4644 1198 4718; x_wconf 88' lang='lat' dir='ltr'>perditos</span> <span class='ocrx_word' id='word_1_457' title='bbox 1229 4645 1352 4699; x_wconf 87' lang='lat' dir='ltr'>homines</span> <span class='ocrx_word' id='word_1_458' title='bbox 1374 4645 1537 4700; x_wconf 86' lang='lat' dir='ltr'>curtisanos.</span> <span class='ocrx_word' id='word_1_459' title='bbox 1582 4642 1625 4698; x_wconf 90' lang='lat' dir='ltr'>llii</span> <span class='ocrx_word' id='word_1_460' title='bbox 1648 4644 1670 4698; x_wconf 91' lang='lat' dir='ltr'>si</span> <span class='ocrx_word' id='word_1_461' title='bbox 1694 4660 1750 4698; x_wconf 89' lang='lat' dir='ltr'>nou</span> <span class='ocrx_word' id='word_1_462' title='bbox 1773 4661 1815 4698; x_wconf 91' lang='lat' dir='ltr'>re·</span> 
     </span>
     <span class='ocr_line' id='line_1_46' title="bbox 514 4727 1844 4804; baseline -0.005 -15"><span class='ocrx_word' id='word_1_463' title='bbox 514 4731 697 4804; x_wconf 77' lang='lat' dir='ltr'>spondei-unt,</span> <span class='ocrx_word' id='word_1_464' title='bbox 721 4729 779 4785; x_wconf 79' lang='lat' dir='ltr'>huc</span> <span class='ocrx_word' id='word_1_465' title='bbox 794 4747 888 4785; x_wconf 87' lang='lat' dir='ltr'>caussa</span> <span class='ocrx_word' id='word_1_466' title='bbox 906 4729 971 4789; x_wconf 88' lang='lat' dir='ltr'>luit,</span> <span class='ocrx_word' id='word_1_467' title='bbox 995 4729 1123 4802; x_wconf 87' lang='lat' dir='ltr'>quoniam</span> <span class='ocrx_word' id='word_1_468' title='bbox 1147 4730 1211 4803; x_wconf 79' lang='lat' dir='ltr'>quial</span> <span class='ocrx_word' id='word_1_469' title='bbox 1228 4729 1425 4803; x_wconf 83' lang='lat' dir='ltr'>responderent</span> <span class='ocrx_word' id='word_1_470' title='bbox 1442 4746 1497 4784; x_wconf 92' lang='lat' dir='ltr'>non</span> <span class='ocrx_word' id='word_1_471' title='bbox 1512 4727 1675 4790; x_wconf 89' lang='lat' dir='ltr'>hahuerunt,</span> <span class='ocrx_word' id='word_1_472' title='bbox 1701 4736 1748 4783; x_wconf 90' lang='lat' dir='ltr'>aut</span> <span class='ocrx_word' id='word_1_473' title='bbox 1763 4745 1814 4802; x_wconf 90' lang='lat' dir='ltr'>pro</span> <span class='ocrx_word' id='word_1_474' title='bbox 1823 4738 1844 4777; x_wconf 72' lang='lat'>1⁵</span> 
     </span>
     <span class='ocr_line' id='line_1_47' title="bbox 513 4809 1094 4887; baseline -0.005 -16"><span class='ocrx_word' id='word_1_475' title='bbox 513 4815 640 4871; x_wconf 87' lang='lat' dir='ltr'>crassicic</span> <span class='ocrx_word' id='word_1_476' title='bbox 664 4822 691 4869; x_wconf 88' lang='lat' dir='ltr'>et</span> <span class='ocrx_word' id='word_1_477' title='bbox 714 4814 819 4887; x_wconf 83' lang='lat' dir='ltr'>ignavia</span> <span class='ocrx_word' id='word_1_478' title='bbox 839 4809 889 4868; x_wconf 67' lang='lat' dir='ltr'>⁴sua</span> <span class='ocrx_word' id='word_1_479' title='bbox 913 4814 1094 4870; x_wconf 85' lang='lat' dir='ltr'>nesciverunt.</span> 
     </span>
    </p>
   </div>
   <div class='ocr_carea' id='block_1_7' title="bbox 516 4945 718 4954">
    <p class='ocr_par' dir='ltr' id='par_1_12' title="bbox 516 4945 718 4954">
     <span class='ocr_line' id='line_1_48' title="bbox 516 4945 718 4954; baseline -0.01 -1"><span class='ocrx_word' id='word_1_480' title='bbox 516 4945 718 4954; x_wconf 77' lang='lat'>-—-——</span> 
     </span>
    </p>
   </div>
   <div class='ocr_carea' id='block_1_8' title="bbox 583 5026 1504 5095">
    <p class='ocr_par' dir='ltr' id='par_1_13' title="bbox 583 5026 1504 5095">
     <span class='ocr_line' id='line_1_49' title="bbox 583 5026 1504 5095; baseline 0.001 -17"><span class='ocrx_word' id='word_1_481' title='bbox 583 5028 790 5094; x_wconf 71' lang='lat' dir='ltr'>³sicopli.1.2.</span> <span class='ocrx_word' id='word_1_482' title='bbox 810 5028 1005 5093; x_wconf 83' lang='lat' dir='ltr'>etsicabique.</span> <span class='ocrx_word' id='word_1_483' title='bbox 1052 5027 1072 5061; x_wconf 76' lang='lat'>¹⁸</span> <span class='ocrx_word' id='word_1_484' title='bbox 1091 5027 1194 5095; x_wconf 87' lang='lat' dir='ltr'>inquis]</span> <span class='ocrx_word' id='word_1_485' title='bbox 1213 5030 1238 5090; x_wconf 66' lang='grc' dir='ltr'>ξ.</span> <span class='ocrx_word' id='word_1_486' title='bbox 1252 5026 1276 5077; x_wconf 86' lang='grc'>3.</span> <span class='ocrx_word' id='word_1_487' title='bbox 1321 5027 1419 5094; x_wconf 73' lang='lat' dir='ltr'>“Hiil</span> <span class='ocrx_word' id='word_1_488' title='bbox 1440 5029 1463 5078; x_wconf 94' lang='lat' dir='ltr'>li</span> <span class='ocrx_word' id='word_1_489' title='bbox 1479 5031 1504 5079; x_wconf 80' lang='lat'>3.</span> 
     </span>
    </p>
   </div>
   <div class='ocr_carea' id='block_1_9' title="bbox 0 0 2207 6084">
    <p class='ocr_par' dir='ltr' id='par_1_14' title="bbox 0 0 2207 6084">
     <span class='ocr_line' id='line_1_50' title="bbox 0 0 2207 6084; baseline 0 0"><span class='ocrx_word' id='word_1_490' title='bbox 0 0 2207 6084; x_wconf 95' lang='lat' dir='ltr'> </span> 
     </span>
    </p>
   </div>
  </div>
 </body>
</html>
