4367 6084
519 700 593 774 396
623 720 780 773 cccnvtt.
800 736 936 773 cananea.
951 737 1157 774 nvcvuuarroa.
1171 736 1275 773 suasum
1290 739 1334 773 nr.
1347 738 1383 774 sn
1395 738 1537 775 uernans.
1551 741 1577 774 n.
1591 732 1625 775 tt.
1641 739 1699 775 ran.
1715 730 1773 776 tstt.

518 897 620 952 tionem
639 894 786 970 pollicens.
813 915 894 970 quam
924 906 1013 954 tamen
1042 898 1135 954 videor
1157 898 1295 955 nonnullis
1322 916 1492 973 nequaquam
1519 901 1697 974 prestitisse.
1727 917 1807 972 quum

518 999 571 1054 ego
593 988 662 1037 teste
685 981 850 1037 conscientia
872 1000 977 1039 summo
998 983 1090 1039 studio
1113 983 1163 1039 sim
1182 984 1307 1046 adnixus.
1330 1002 1365 1039 ue
1388 1002 1467 1057 quem
1489 985 1599 1040 omnino
1620 1001 1671 1058 per
1691 985 1811 1040 occasio-

518 1084 578 1122 nem
599 1066 747 1138 attingeret
769 1085 827 1122 urea
845 1067 983 1130 delensio;
1011 1068 1062 1142 ipsi
1087 1069 1168 1124 etiam
1191 1068 1309 1124 llutteno
1331 1086 1441 1143 parcere
1463 1069 1591 1131 studens,
1615 1077 1746 1142 quantum
1764 1086 1806 1124 res

519 1151 575 1225 ipsa
598 1159 746 1225 pateretur.
789 1150 840 1217 Qui
864 1152 974 1208 liutteni
998 1152 1095 1208 famam
1117 1154 1188 1226 aqaud
1211 1171 1305 1209 omnes
1325 1161 1424 1209 sartam
1446 1162 1543 1210 miani
1562 1153 1671 1217 volunt,
1692 1152 1747 1208 illis
1768 1153 1815 1215 iun

516 1236 663 1308 dignentur
686 1236 731 1308 qui
756 1236 892 1292 lrourinem
913 1238 969 1293 suis
990 1238 1136 1293 mendaciis
1157 1238 1209 1294 huc
1230 1237 1423 1312 perpulerunt,
1448 1238 1535 1311 magis
1564 1239 1646 1294 etiam
1675 1238 1735 1292 istis
1762 1244 1825 1293 ants

518 1320 612 1376 iisdem
639 1320 733 1395 protinus
760 1321 806 1393 qui
833 1321 886 1377 hoc
910 1323 1023 1377 summis
1046 1322 1148 1378 uirilius
1176 1330 1275 1395 agimt.
1304 1331 1334 1378 ut
1362 1322 1390 1378 in
1412 1323 1551 1379 mortuum
1573 1324 1654 1378 etiam
1676 1321 1805 1395 stringam

517 1404 664 1461 calamum:
688 1406 759 1478 qnod
784 1415 907 1461 tamena
932 1425 1135 1480 menumquam
1158 1406 1373 1480 extorquebunt:
1403 1425 1453 1464 nec
1471 1408 1542 1463 enim
1565 1407 1631 1462 libet
1652 1407 1759 1468 iurere.
1779 1414 1806 1462 et

517 1490 594 1545 video
614 1507 670 1546 rem
693 1508 808 1563 prorsus
829 1491 916 1547 exisse
938 1494 965 1546 in
981 1492 1091 1548 ralriem.
1131 1492 1247 1547 Proinde
1264 1493 1377 1565 posthac
1392 1502 1504 1548 nonest
1519 1492 1699 1547 animuscum
1717 1491 1805 1546 istius·

518 1574 590 1630 modi
612 1574 781 1646 gladiatoriis
802 1574 901 1631 libellis
923 1577 1068 1650 congredi:
1096 1576 1211 1650 primum
1241 1577 1360 1638 adnitar.
1391 1585 1421 1632 ut
1450 1577 1517 1633 hanc
1546 1576 1740 1632 conscientiam
1761 1592 1805 1648 ap·

518 1658 630 1732 proluens
651 1659 773 1721 Christo,
802 1678 936 1734 speroque
967 1662 1103 1723 futurum,
1133 1669 1162 1717 ut
1188 1659 1294 1716 consilii
1317 1662 1368 1716 mci
1393 1662 1526 1717 rationem
1549 1660 1671 1734 optimus
1692 1659 1834 1733 quisquan

518 1761 568 1797 suo
588 1741 694 1799 calculo
714 1743 884 1817 comprobet.
921 1745 982 1801 lstis
1005 1763 1070 1801 vero
1099 1745 1216 1806 rabulis.
1246 1745 1292 1817 qui
1320 1763 1433 1819 prorsus
1460 1746 1564 1801 nescire
1591 1745 1716 1800 uidentur
1743 1742 1804 1818 quid

518 1827 626 1883 intersit
650 1828 860 1884 interscribere
883 1838 910 1885 et
929 1832 1035 1892 iurene,
1058 1830 1183 1904 equidem
1207 1828 1364 1886 nraleiacere
1386 1830 1475 1886 malim
1495 1847 1575 1903 quatu
1595 1828 1761 1888 maledicere,
1783 1828 1803 1881 si

517 1912 699 1968 Christianum
721 1921 794 1968 esset
813 1914 923 1969 omniuo
945 1916 1071 1987 cuiquam
1091 1912 1238 1970 malevellc.
1278 1914 1318 1968 db
1343 1915 1376 1970 iis
1404 1932 1467 1970 vero
1496 1914 1543 1988 qui
1565 1913 1713 1988 Spongiam
1735 1920 1804 1967 atro·

516 2014 574 2052 cem
593 2015 623 2053 ac
642 2014 781 2070 procacem
800 1998 881 2053 videri
902 1998 1010 2060 uolunt,
1040 2007 1143 2054 tantum
1173 1997 1238 2054 illud
1258 2006 1364 2072 petam.
1393 2000 1515 2071 cogitent
1538 2015 1618 2071 quam
1640 2013 1694 2053 non
1717 1995 1805 2068 vulga·

517 2081 584 2136 riter
597 2079 737 2137 dilexerim
754 2081 863 2138 liutteni
879 2083 1032 2155 ingenium.
1053 2091 1156 2156 quanto
1177 2083 1308 2144 candore.
1331 2092 1398 2156 quot
1420 2084 1500 2139 editis
1523 2082 1633 2156 scriptis
1649 2080 1724 2137 illurn
1740 2099 1803 2136 non·
1814 2090 1834 2129 tt

515 2165 578 2220 ‹lirm
602 2166 745 2221 adnmdmn
764 2166 897 2223 celebrem
913 2167 973 2223 orbi
988 2168 1212 2229 cornmemlarim,
1237 2176 1304 2240 quot
1318 2167 1442 2241 epistolis
1458 2167 1534 2242 illum
1553 2166 1720 2240 praedicarim
1736 2164 1804 2238 apud

517 2250 631 2310 amicos,
656 2251 805 2323 praesertim
829 2252 899 2326 apml
920 2253 949 2308 ll.
965 2252 1040 2308 Card.
1056 2252 1259 2325 lloguutinum:
1283 2252 1310 2307 iu
1330 2252 1443 2325 quadam
1466 2250 1581 2326 epistola
1603 2250 1717 2307 contero
1733 2249 1804 2305 illuni

516 2353 576 2392 cnm
601 2336 702 2391 Tirouia
724 2336 817 2397 dioro,
840 2355 894 2409 quo
917 2337 975 2392 uiro
998 2336 1091 2392 multis
1112 2337 1162 2392 iam
1187 2336 1285 2392 seculis
1308 2336 1375 2391 nihil
1398 2335 1441 2391 sol
1462 2337 1526 2392 vidit
1550 2336 1696 2408 integrius.
1718 2333 1804 2389 candi·

516 2421 591 2482 dius,
614 2421 740 2483 anticius,
762 2422 915 2477 cordatius:
937 2421 1017 2477 lanius
1036 2439 1065 2476 se
1085 2421 1258 2477 veliementer
1276 2408 1434 2476 dissimilem
1451 2421 1575 2494 prolravit
1590 2419 1734 2479 lluttenus‚
1755 2435 1809 2472 meo

517 2524 569 2578 que
592 2522 687 2561 canum
711 2523 862 2579 praeconem
881 2507 954 2562 iecit.
994 2506 1021 2562 in
1045 2523 1128 2580 opere
1150 2505 1211 2562 novi
1235 2505 1389 2561 testamenti
1409 2507 1461 2561 iarn
1484 2505 1594 2561 tertium
1618 2504 1704 2563 edito,
1728 2512 1834 2575 quanter

517 2608 570 2646 riou
587 2588 692 2662 vulgari
712 2589 808 2646 all'cctu
832 2589 924 2646 landes
944 2589 1016 2646 illius
1039 2605 1166 2665 persono.
1203 2591 1255 2645 lant
1277 2598 1304 2646 ct
1327 2590 1392 2645 illud
1414 2591 1551 2663 cogitent,
1573 2606 1653 2662 quam
1675 2586 1715 2642 illi
1734 2585 1803 2642 nulla

516 2693 531 2729 a
554 2691 595 2729 me
614 2673 727 2748 praebita
751 2682 793 2729 est
815 2674 921 2730 occasio
938 2675 1081 2731 recedendi
1105 2675 1138 2730 alr
1160 2674 1290 2737 arriicitia,
1312 2692 1392 2748 quam
1416 2692 1469 2730 non
1487 2668 1614 2748 'oportuit
1628 2672 1731 2745 alisque
1746 2687 1804 2744 gra·

516 2758 633 2812 cissimis
652 2757 741 2813 causis
762 2758 924 2814 rescindere.
969 2759 1065 2815 deinde
1089 2777 1168 2834 quam
1194 2758 1238 2814 ille
1269 2776 1323 2813 non
1352 2759 1441 2815 solum
1463 2757 1571 2814 violarit
1592 2757 1718 2814 arrricitiae
1739 2756 1803 2816 iura.
1880 2814 1886 2827 ¹

515 2859 607 2897 rerum
630 2841 711 2897 etiam
733 2841 806 2896 velut
826 2860 857 2897 ex
881 2843 985 2898 insidiis
1010 2844 1153 2918 plusquam
1176 2843 1312 2899 lrostilitcr
1340 2843 1488 2917 impetierit
1514 2850 1541 2898 et
1563 2844 1660 2897 lamam
1679 2849 1706 2895 et
1727 2841 1804 2894 vitam

515 2926 606 2982 antici:
635 2944 696 2981 narn
725 2927 834 2982 orrtnino
855 2946 899 2983 res
922 2928 979 3002 ipsa
1002 2929 1126 3003 loquitur
1148 2928 1294 2984 lluttcnum
1318 2945 1371 2984 non
1392 2928 1446 2984 alio
1466 2926 1581 2985 consilio
1605 2924 1747 3000 scripsisse
1767 2923 1835 2979 stoa

515 3011 542 3066 in
561 3017 602 3066 nie
622 3029 700 3085 quam
724 3019 754 3067 ut
772 3011 875 3067 calamo
898 3012 1033 3086 iugularet
1053 3031 1132 3087 quem
1154 3012 1245 3086 gladio
1265 3030 1319 3068 non
1342 3019 1458 3086 poterat.
1501 3011 1532 3067 Et
1552 3020 1582 3067 ut
1601 3009 1653 3066 sihi
1668 3007 1806 3064 ridebatur

515 3097 555 3152 vir
582 3096 677 3158 tortis,
701 3096 740 3153 sic
762 3096 913 3167 cogitaliat,
936 3097 1072 3154 seniculus
1091 3106 1148 3158 est,
1170 3097 1379 3153 valetudinarius
1401 3105 1457 3158 est,
1480 3096 1658 3152 meticulosus
1680 3102 1708 3150 et
1724 3092 1804 3148 imne-
1850 3096 1852 3101 ’

514 3182 584 3239 cilli's
606 3189 662 3244 est,
690 3199 752 3237 mon
778 3182 880 3237 etttatm
905 3183 1035 3243 dirimam,
1063 3182 1107 3237 ulii
1134 3182 1232 3254 legerit
1256 3183 1313 3237 lime
1336 3189 1389 3236 tam
1411 3181 1529 3238 atrocia:
1559 3182 1610 3235 hoc
1632 3176 1710 3234 illnui
1732 3176 1805 3248 'cogi-

515 3276 602 3328 tasse‚
627 3285 705 3323 voces
732 3266 812 3321 etiam
842 3285 908 3341 quas
935 3266 1049 3323 iactabat
1073 3267 1233 3340 arguebant.
1273 3266 1349 3322 Nunc
1370 3265 1513 3340 appellatio
1534 3264 1727 3321 conscientiam
1747 3261 1805 3316 illo·

514 3371 573 3408 rum
598 3351 643 3425 qui
670 3351 816 3406 liutteuom
838 3352 986 3408 domestice
1006 3360 1150 3413 noverant,
1175 3369 1328 3425 «quiunquam
1350 3359 1377 3405 ct
1399 3350 1441 3413 nt,
1465 3350 1645 3423 quibuscum
1666 3344 1835 3402 illonullatt

514 3445 573 3493 erat
595 3435 777 3497 larrriliardas,
806 3445 907 3491 norunt
935 3454 1014 3509 qnam
1039 3436 1121 3491 luerit
1143 3437 1231 3491 orionis
1251 3434 1323 3490 illius
1344 3435 1396 3490 vita
1419 3434 1558 3495 militaris.
1588 3450 1621 3488 ne
1641 3430 1725 3488 verbo
1746 3438 1806 3486 utar

508 3521 670 3583 incertiore:
698 3529 726 3576 et
750 3530 839 3576 tattrcn
868 3520 894 3575 in
925 3528 981 3577 tota
1004 3521 1124 3595 Spongia
1147 3539 1280 3594 nusquam
1300 3519 1399 3575 obiicio
1423 3519 1527 3581 larunt,
1559 3534 1639 3591 quem
1662 3514 1738 3572 illum
1758 3531 1806 3569 uec

514 3605 675 3661 irriserabilis
692 3604 736 3660 ille
752 3605 863 3660 morlms
878 3605 1010 3661 dedocere
1026 3605 1131 3678 potuit;
1155 3622 1286 3678 nusquam
1302 3603 1386 3659 aleam
1403 3613 1448 3658 am
1468 3611 1571 3664 scorta.
1595 3617 1728 3674 nusquam
1745 3616 1806 3673 pro·

513 3691 621 3746 lusione
642 3690 780 3746 decoctam
801 3690 955 3763 pecuniam.
979 3690 1125 3746 conllatum
1148 3709 1185 3744 ms
1205 3689 1321 3745 alienum
1340 3707 1370 3744 ac
1392 3689 1539 3743 frustratos
1560 3685 1719 3743 creditores.
1754 3683 1805 3738 lam

514 3774 559 3832 illa
581 3775 715 3844 facinora,
737 3792 797 3847 qum
820 3774 971 3847 designarit
993 3783 1099 3829 extorta
1120 3792 1134 3828 a
1157 3771 1374 3829 Certusiensilms
1397 3772 1523 3846 pecnnia,
1547 3770 1678 3826 trdneatis
1700 3768 1836 3842 aliquot&

513 3858 665 3920 irremaclnis,
694 3858 823 3931 impetitis
851 3858 877 3914 in
907 3859 947 3914 uia
974 3859 1080 3933 publica
1108 3858 1194 3913 trilms
1219 3857 1376 3918 abhatibus,
1406 3857 1441 3911 oli
1467 3856 1538 3929 quod
1560 3854 1663 3911 lacinus
1686 3868 1804 3909 nnurnc

513 3942 621 3999 interulis
643 3942 1004 4016 deprehensumdecollavit
1027 3961 1119 4000 comes
1140 3941 1292 4004 Palatirms;
1317 3941 1387 4004 llaec.
1412 3941 1535 4013 inquam,
1556 3948 1638 4012 atque
1660 3938 1741 3993 liuius
1761 3953 1805 4008 ge·

513 4026 586 4083 ureris
607 4025 741 4099 permulta
764 4029 845 4082 etianr
869 4028 988 4102 populus
1010 4028 1111 4101 rituique
1136 4027 1223 4088 novit.
1245 4044 1296 4099 ego
1321 4034 1408 4081 tamen
1432 4023 1500 4080 nilril
1518 4025 1615 4079 luorum
1641 4022 1669 4077 iu
1686 4020 1805 4096 Spongia

513 4111 626 4172 refrico.
648 4127 696 4165 nec
720 4111 745 4165 in
774 4111 880 4168 lrostem
903 4130 1000 4186 rogero
1023 4130 1084 4168 cera
1110 4120 1228 4184 irritaque
1249 4111 1377 4172 erimina,
1406 4128 1489 4183 quum
1512 4108 1557 4163 ttte
1580 4108 1607 4162 in
1631 4107 1745 4162 amicum
1767 4112 1805 4160 at·

513 4212 566 4269 que
588 4194 668 4250 etiam
693 4195 759 4250 bene
783 4196 908 4252 meritmn
929 4205 1029 4252 tantam
1053 4195 1260 4250 lolsissirnorum
1283 4195 1425 4251 criminum
1447 4194 1550 4249 lernam
1573 4189 1835 4264 impudentissimos

512 4279 691 4352 congesserit.
735 4281 770 4335 nt
792 4281 819 4336 iu
843 4289 900 4336 tota
923 4281 1041 4354 Spongia
1063 4279 1166 4334 mdlnm
1190 4280 1340 4353 prraedonis.
1370 4278 1504 4352 raptoris,
1537 4285 1583 4332 aul
1606 4275 1733 4337 latronis,
1760 4279 1805 4329 aut
1830 4332 1832 4337 ,

512 4364 665 4420 decoctoris
684 4365 849 4421 conuicium:
872 4384 931 4421 nam
954 4365 1026 4438 qnod
1050 4363 1104 4420 illic
1128 4365 1154 4419 in
1176 4381 1276 4436 genere
1297 4363 1461 4424 {licitumad
1485 4360 1585 4417 uirilius
1604 4357 1805 4417 contumeliam.

513 4449 559 4518 sed
582 4449 614 4504 ad
643 4449 762 4505 onmium
792 4449 937 4506 utilitatem
965 4449 1093 4522 pertinet.
1140 4447 1171 4502 Et
1191 4456 1253 4503 sum
1275 4447 1373 4521 qoilms
1404 4447 1496 4502 eidem·
1524 4455 1601 4501 atron
1630 4444 1656 4498 iu
1678 4441 1805 4517 Spongia.

512 4532 584 4600 Qum
603 4552 689 4607 rttrgas
712 4533 757 4590 ille
779 4534 981 4607 expostulator,
1003 4552 1083 4606 optram
1102 4533 1240 4589 atrocibus
1263 4532 1350 4587 verlris
1367 4531 1531 4603 exaggerat?
1554 4528 1611 4601 Ego
1628 4529 1653 4582 in
1670 4536 1724 4583 tam
1741 4525 1807 4582 mul·

513 4619 547 4674 tis
565 4628 593 4674 et
616 4618 697 4691 rulgo
720 4619 793 4674 irotis
816 4636 848 4673 an
871 4636 924 4673 mm
945 4618 1093 4691 potuissem
1114 4634 1174 4673 esse
1203 4615 1343 4677 disertus..
1368 4615 1419 4674 uisi
1444 4632 1533 4671 meum
1564 4611 1701 4684 ingenium
1729 4610 1837 4667 velie-ta

513 4711 617 4758 rnerrter
640 4703 801 4758 alilrorrcret
820 4720 834 4757 a
854 4702 1057 4758 riialedicentia't
1077 4702 1110 4757 de
1133 4700 1240 4774 vulgata
1261 4701 1293 4756 ad
1311 4697 1474 4757 cardinalem
1489 4697 1677 4772 Mogontinum
1694 4694 1807 4770 epistola

513 4787 552 4843 sic
574 4787 679 4849 celero,
710 4794 739 4841 ut
762 4787 819 4861 ipse
842 4786 917 4843 solus
940 4787 1023 4843 luerit
1045 4786 1244 4862 intellecturus²
1288 4785 1403 4841 alterum
1427 4784 1530 4840 lacinus
1551 4783 1603 4838 lroc
1625 4780 1706 4837 etiam
1730 4779 1808 4855 perti·

581 4967 592 4998 ⁷
609 4968 789 5017 Promissioni
802 4983 856 5017 non
869 4969 949 5019 stetit
959 4968 1099 5029 Erasmus,
1114 4983 1202 5033 neque
1215 4968 1278 5017 dum
1291 4967 1380 5032 ipsum
1394 4966 1465 5016 facit
1477 4979 1564 5015 venus
1577 4978 1679 5029 praeco.
1733 4961 1756 4995 ⁴¹
1768 4962 1809 5011 sic

514 5047 577 5115 red]
597 5051 682 5101 Immo
695 5053 783 5116 ipsum
796 5053 913 5104 Hutleni
926 5066 1025 5104 nomen
1037 5051 1234 5107 omnibnseuin
1247 5050 1351 5102 litteris
1364 5064 1522 5116 expressum
1536 5052 1579 5100 est
1590 5047 1693 5114 Spong.
1712 5048 1736 5109 5.
1750 5043 1809 5098 328.
