4367 6084
523 725 812 785 CCXXIX.‚urrrnu1
826 744 855 778 11
870 725 1413 782 11110111111111111111111111111111111.
1427 747 1510 783 111111.
1525 741 1583 783 latr.
1651 719 1696 788 13

390 896 474 955 dere
498 898 609 956 sustine
631 897 727 958 adhuc
749 897 858 958 liberos
881 916 944 958 esse
967 900 995 957 in
1011 899 1167 959 Germania
1190 881 1331 959 homines.
1369 900 1480 970 Quodsi
1495 918 1583 961 sanus
1599 909 1696 961 mente
1709 910 1754 960 ts.

391 1016 501 1065 esseS,
526 1016 564 1057 ne
586 1016 707 1075 sperare
729 1000 846 1078 quidem
870 999 995 1058 auderes
1017 1001 1096 1059 lrune
1119 1007 1197 1059 tanta
1219 1019 1285 1060 eum
1301 1002 1406 1060 fiducia
1422 1002 1548 1078 positum
1565 1003 1594 1061 in
1609 1002 1696 1062 liber·

392 1106 493 1157 tatem
524 1118 542 1157 a
569 1099 654 1158 uobis
683 1100 787 1176 pedem
815 1109 874 1159 tam
903 1101 984 1173 nullo
1011 1103 1135 1184 negocio
1158 1108 1357 1161 extracturum
1380 1109 1417 1160 te.
1462 1103 1498 1160 at
1521 1105 1607 1161 etiam
1631 1112 1754 1180 per-tt.

394 1200 516 1258 tectum
545 1200 602 1259 hoc
629 1200 681 1259 tibi
710 1202 860 1278 impotenti
889 1203 1014 1280 qrradam
1043 1203 1131 1262 animi
1159 1201 1282 1261 elatione
1311 1204 1465 1278 praesumis
1492 1221 1548 1280 epra
1576 1204 1630 1263 alia
1653 1205 1699 1265 dei

364 1301 508 1376 septimi
538 1303 655 1360 maximi
684 1302 844 1371 voluntate,
879 1322 973 1382 quove
1002 1305 1163 1380 permissu,
1197 1320 1284 1380 quam
1312 1305 1377 1380 quia
1412 1310 1492 1362 tuum
1525 1311 1554 1363 te
1582 1323 1699 1382 quoque

396 1401 496 1461 fatum
522 1404 637 1462 manet‘l
668 1403 739 1463 Nam
763 1405 915 1482 quomodo
937 1413 968 1466 tu
991 1404 1074 1464 aliter
1098 1405 1155 1463 lmc
1177 1384 1311 1463 amentiae
1338 1402 1450 1480 prolabi
1481 1406 1638 1480 potuisses,
1668 1413 1699 1464 ut

398 1502 545 1562 crederes
572 1521 632 1562 uno
660 1504 696 1563 alr
726 1504 852 1565 edictulo
881 1505 1050 1574 ealliditate,
1081 1506 1228 1573 rersutiiS,
1259 1504 1361 1564 fraude
1390 1510 1419 1563 et
1441 1504 1514 1564 dolis
1542 1504 1578 1564 ab
1601 1505 1699 1566 adole-

397 1610 506 1662 scente
529 1605 662 1681 principe
684 1624 738 1682 per
760 1614 788 1666 te
811 1625 950 1683 expresso
972 1613 1061 1666 totam
1085 1614 1207 1684 repente
1230 1606 1415 1666 Germaniam
1438 1607 1626 1666 conterritam
1649 1608 1699 1667 de·

398 1711 552 1767 serturam
585 1693 748 1766 libertatem
781 1725 878 1774 suam,
914 1707 1096 1767 deserturam
1130 1707 1232 1775 sidem,
1267 1705 1437 1783 religionem
1471 1715 1499 1766 et
1530 1709 1699 1768 veritatem?
1776 1758 1782 1769 .

360 1823 390 1862 ro
403 1804 574 1874 Quinetiam
603 1809 646 1866 ita·
671 1807 751 1867 nullo
778 1807 898 1868 consilio
927 1807 1064 1886 nullaque
1086 1808 1240 1886 prudentia
1264 1809 1453 1886 questionem
1476 1808 1552 1868 hanc
1575 1811 1752 1872 institui-ts.

402 1909 472 1975 stis,
504 1916 537 1967 ut
559 1907 643 1968 laeile
666 1910 766 1968 credat
787 1910 891 1989 aliquis
912 1908 1036 1968 voluisse
1058 1928 1125 1978 ros,
1149 1929 1215 1970 eum
1236 1908 1293 1968 hoc
1321 1909 1571 1985 adgrederentur,
1601 1911 1698 1974 iurare

405 2026 542 2069 caussam
565 2016 696 2070 nostram
719 2017 747 2070 et
769 2019 958 2088 promovere,
982 2030 1041 2070 non
1064 2028 1238 2088 oppugnare
1260 2016 1290 2069 et
1311 2010 1462 2087 impedire.
1504 2009 1587 2080 Quod
1611 2012 1647 2071 de
1670 2020 1698 2073 te
1708 2034 1753 2084 §.a

408 2110 527 2186 quidem
556 2118 664 2188 praeter
686 2114 853 2190 opinionem
876 2131 936 2172 non
959 2120 1018 2172 est:
1043 2130 1139 2189 neque
1163 2113 1240 2171 enim
1263 2129 1391 2190 unquam
1414 2112 1576 2190 prudenter
1591 2112 1699 2191 aliquid

410 2211 513 2270 fecisse
540 2212 642 2271 audio:
677 2211 758 2273 illum
787 2216 880 2273 miror
908 2214 1019 2274 socium
1049 2220 1131 2273 tuum
1155 2211 1370 2280 Caracciolum,
1405 2212 1561 2291 aliquando
1590 2216 1613 2271 si
1641 2231 1698 2272 non

366 2309 536 2378 asbonum,
571 2314 817 2391 circumspectum
846 2327 943 2376 tamen
968 2324 996 2376 et
1019 2322 1136 2374 cautum
1160 2314 1207 2374 lric
1229 2319 1376 2390 putatum,
1401 2320 1479 2372 tanta
1503 2332 1570 2373 cum
1597 2316 1699 2373 incon·

412 2413 574 2488 syderantia
597 2422 736 2494 tantaque
757 2418 924 2494 stupiditate
948 2419 1048 2477 conari
1071 2417 1124 2475 ista
1152 2422 1259 2474 tecum.
1304 2415 1406 2491 Neque
1429 2421 1526 2473 tamen
1549 2414 1606 2474 hoc
1633 2416 1767 2487 dieo§,7‚'

413 2517 490 2590 musi
515 2517 672 2593 quiequam
695 2516 743 2576 hic
764 2518 847 2577 robis
869 2519 994 2588 astutiae,
1024 2518 1182 2595 quiequam
1204 2516 1284 2592 impii
1308 2514 1479 2575 i'alramenti
1501 2515 1628 2576 defuisse
1650 2517 1700 2576 ad·

414 2613 467 2673 lrue
491 2618 670 2685 existimem,
697 2618 748 2677 sed
779 2619 857 2697 quod
885 2625 964 2681 tanta
994 2618 1168 2678 confidentia
1191 2617 1304 2676 rideam
1327 2617 1355 2675 iu
1378 2616 1555 2676 haererem
1579 2619 1699 2678 Germa·

415 2717 543 2777 nicarum
566 2718 776 2780 admirabiliter
798 2722 970 2780 immutante
992 2739 1023 2778 se
1047 2720 1175 2785 ratione,
1197 2717 1253 2776 hac
1277 2720 1416 2795 temporis
1432 2718 1631 2789 inclinatione,
1656 2720 1701 2779 uis
1788 2746 1791 2753 ·

389 2817 586 2878 uineritabilis
615 2819 665 2878 lati
692 2819 777 2880 minis
805 2839 892 2880 omne
921 2821 1017 2880 adhuc
1046 2821 1262 2879 incontinentiae
1294 2838 1358 2887 ros,
1394 2837 1480 2879 omne
1508 2821 1699 2879 immodestiae

418 2919 577 2997 exemplum
600 2922 800 2999 praetergredi.
846 2920 930 2991 Quod
954 2939 1009 2999 ego
1032 2913 1110 2980 aliud
1132 2919 1266 2997 prolecto
1282 2937 1340 2978 non
1358 2938 1463 2979 censeo
1479 2938 1565 2998 quam
1582 2929 1755 2990 conclusas.

416 3037 461 3077 ros
488 3022 583 3081 divina
611 3025 783 3083 necessitate
812 3042 871 3083 non
901 3023 999 3083 ridere
1028 3041 1093 3100 quae
1121 3021 1223 3081 ridetis
1248 3020 1389 3089 maxime,
1423 3039 1478 3081 nec
1505 3021 1606 3082 audire
1635 3042 1699 3101 quae

417 3121 515 3180 auditis
544 3122 719 3199 plurimum,
754 3132 784 3183 et
814 3126 1014 3202 imprudentes
1042 3141 1196 3183 accersere
1224 3122 1333 3181 malum
1362 3122 1445 3182 vobis
1473 3124 1550 3200 ipsos
1573 3143 1607 3182 ac
1630 3124 1700 3184 ferri

417 3223 597 3284 manifestum
621 3227 650 3284 in
672 3227 790 3285 exitium
811 3227 984 3303 praecipites.
1031 3225 1086 3285 Uti
1117 3232 1166 3284 tuo
1196 3242 1266 3283 sane
1289 3225 1389 3283 lurore
1417 3223 1488 3282 nihil
1515 3225 1572 3283 ridi
1600 3227 1755 3289 cenci-§.e

382 3325 513 3420 ¹statius,
543 3325 615 3385 nihil
638 3327 834 3404 impetuosum
857 3329 963 3406 magis:
992 3345 1059 3386 nam
1083 3344 1148 3405 quae
1171 3326 1299 3404 (malum)
1328 3326 1381 3384 ista
1405 3331 1449 3383 est
1470 3326 1580 3384 insania
1602 3326 1699 3385 existi·

433 3496 438 3505 ⁴
493 3509 504 3540 ³
531 3512 644 3576 negotio
668 3514 726 3561 M.
750 3512 865 3577 ubique.⁴
929 3511 940 3543 ⁴
965 3509 1027 3576 hoe]
1052 3513 1089 3561 II.
1113 3510 1181 3561 illud
1203 3513 1261 3561 edd.
1342 3508 1352 3539 ⁵
1377 3506 1467 3574 quem]
1499 3511 1535 3558 H.
1558 3510 1612 3558 nisi
1642 3512 1700 3559 edd.

415 3590 569 3659 'edictulol
601 3597 661 3645 Hoc
688 3596 850 3658 edietulum‚
881 3601 912 3646 ut
937 3603 1090 3661 temporum
1120 3598 1192 3646 ratio
1221 3595 1354 3656 ostendit,
1383 3609 1472 3657 neque
1499 3599 1542 3641 est
1568 3594 1703 3642 taurosum

416 3676 478 3727 illud
505 3679 638 3728 Alesndri
669 3681 798 3729 ‘edictum
826 3681 970 3746 imperiale
998 3687 1094 3731 contro
1121 3683 1202 3730 Mart.
1230 3679 1381 3728 Lutlrerum
1409 3684 1437 3726 et
1463 3683 1611 3727 novatores
1638 3678 1701 3728 reli·

433 3765 543 3826 ionum,
569 3763 769 3830 promulgatum
788 3766 937 3815 vormatiae
962 3766 987 3815 d.
1010 3765 1051 3814 26.
1070 3766 1138 3814 Maii
1162 3763 1222 3829 (per
1239 3763 1411 3812 mendacium
1436 3763 1463 3811 in
1488 3765 1547 3827 ipso
1571 3764 1702 3829 seriptum

404 3779 491 3980 §d
507 3865 571 3899 1111.
586 3851 675 3912 Maii),
690 3821 766 3915 quod
772 3850 873 3899 Latine
887 3867 910 3898 e.
925 3867 965 3914 gr.
979 3866 1023 3915 ep.
1037 3851 1122 3899 Beer.
1135 3848 1233 3898 Annal.
1249 3847 1316 3897 eccl.
1327 3847 1400 3896 XIX.
1415 3864 1440 3911 p.
1454 3846 1591 3898 390...393.
1606 3849 1702 3898 sGer·

413 3928 415 3933 ’
431 3943 467 3982 es.
481 3934 556 3983 Hist.
577 3934 686 3984 reform.
705 3935 741 3983 11.
755 3936 874 3983 Menum.
893 3952 919 3999 p.
933 3932 1048 3995 34,..37.,
1069 3934 1235 3983 Germanice
1254 3933 1282 3979 in
1295 3933 1406 3981 hethere
1418 3932 1548 3995 Schriften
1561 3950 1582 3981 v.
1603 3935 1701 3983 Wnlclr.

414 4017 469 4067 XV.
484 4034 509 4082 p.
523 4016 665 4066 2264...80.
679 4034 705 4066 n.
719 4016 777 4067 585.
803 4024 891 4080 extut,
916 4033 1003 4084 neque
1029 4022 1070 4068 est
1088 4018 1264 4081 Rescriptum
1283 4016 1377 4065 Caroli
1395 4017 1426 4064 V.
1440 4022 1550 4081 postero
1568 4024 1630 4082 post
1648 4020 1702 4068 Lu-

414 4101 518 4151 therum
538 4102 637 4151 iterum
660 4104 688 4151 iu
712 4103 813 4152 concili
855 4104 977 4152 auditum
996 4104 1041 4152 die
1066 4100 1117 4165 (19.
1132 4100 1230 4166 April.)
1250 4101 1365 4162 editum,
1391 4101 1462 4165 quod
1485 4117 1528 4166 ap.
1543 4103 1626 4151 Bzor.
1645 4101 1663 4151 l.
1678 4119 1701 4151 c.

413 4200 438 4250 p.
452 4184 509 4235 384.
531 4192 559 4235 et
578 4185 742 4235 Germanice
762 4120 924 4251 tepiditatem
937 4188 955 4236 l.
971 4204 994 4236 e.
1009 4204 1034 4252 p.
1048 4184 1188 4236 sesa...37.
1207 4200 1233 4233 n.
1248 4185 1305 4234 572.
1325 4185 1436 4249 legitur.
1456 4201 1544 4250 neque
1563 4186 1703 4236 Hutteuus

412 4269 437 4319 h.
452 4270 469 4319 l.
483 4271 543 4321 vult
561 4272 657 4335 opinor
675 4273 850 4336 imperatoris
864 4273 984 4320 edictum
997 4272 1030 4320 de
1044 4271 1160 4319 Lutheri
1172 4269 1251 4318 libris
1264 4269 1426 4319 exhibendis
1445 4270 1470 4319 d.
1484 4271 1508 4319 7.
1522 4272 1617 4320 lllertii
1631 4287 1701 4320 com·

413 4356 544 4420 positum,
568 4356 718 4406 Vormetite
742 4356 767 4406 d.
783 4356 822 4405 15.
836 4356 939 4422 Aprilis
962 4355 1072 4420 publice
1092 4355 1275 4420 propositum,
1306 4355 1339 4403 de
1365 4369 1417 4420 quo
1435 4354 1574 4403 Lutherus
1597 4355 1625 4402 in
1645 4355 1702 4416 epi·

412 4441 490 4489 stolis
508 4455 593 4490 cocu.
607 4456 704 4491 eccur.
718 4440 761 4502 (de
780 4442 865 4490 Wette
878 4441 900 4490 1.
914 4457 939 4505 p.
953 4440 1011 4489 574.
1026 4440 1097 4505 sqq.)
1117 4456 1138 4489 s.
1153 4455 1197 4504 ep.
1210 4438 1319 4488 Welch.
1332 4438 1391 4488 XV.
1411 4456 1438 4503 p.
1451 4437 1590 4487 mamad.
1603 4453 1629 4485 11.
1643 4435 1702 4486 535.

412 4524 483 4587 536.;
502 4525 552 4574 sed
571 4525 612 4586 (ut
630 4527 713 4574 etiarn
732 4526 800 4588 544.
816 4526 896 4589 epist.
916 4525 951 4574 ad
964 4524 1054 4575 Corol.
1068 4525 1100 4574 V.
1115 4525 1227 4588 scriptae
1251 4524 1332 4587 idque
1356 4522 1490 4583 ostendit,
1511 4521 1582 4585 quod
1600 4520 1702 4569 Luthe-

412 4625 456 4659 rus
475 4616 533 4658 tum
553 4610 588 4658 ad
607 4609 753 4659 concilium
777 4626 793 4659 a
812 4609 923 4659 Caesere
942 4613 1058 4659 vocatus
1076 4609 1195 4658 nondum
1214 4608 1284 4670 erat)
1309 4605 1449 4656 invehitur
1467 4607 1495 4654 in
1520 4606 1548 4654 id
1573 4606 1701 4676 edictum,

412 4694 483 4759 qnod
502 4711 538 4743 m.
550 4694 631 4743 Febr.
652 4693 767 4744 Carolus
785 4694 817 4743 V.
837 4694 969 4744 ‹te-Bulla
987 4696 1066 4744 Decet
1083 4695 1155 4743 Rom.
1172 4694 1314 4756 pontificem
1337 4690 1373 4750 (d.
1393 4688 1417 4737 3.
1432 4690 1491 4740 Ian.
1508 4688 1580 4738 1521.
1599 4690 1702 4753 dotent,

412 4780 560 4845 repetitum
580 4795 604 4828 e.
618 4794 658 4843 gr.
673 4795 718 4844 ap.
731 4780 814 4829 Bzov.
832 4779 850 4828 l.
865 4795 888 4828 c.
902 4795 928 4844 p.
943 4777 1074 4840 380...82.,
1096 4777 1259 4826 Germanice
1279 4790 1323 4838 ap.
1336 4772 1445 4822 Walclr.
1464 4773 1521 4822 XV.
1540 4790 1566 4838 p.
1580 4772 1702 4838 rosoaq.

412 4878 439 4913 n.
452 4862 523 4927 526.)
538 4863 713 4928 exsequendo
725 4867 914 4929 proposuerat,
929 4863 962 4912 do
975 4878 1028 4928 quo
1040 4862 1165 4912 Rankins
1176 4860 1311 4923 (Deutselte
1323 4858 1412 4907 Geeell.
1425 4860 1457 4906 im
1470 4858 1571 4907 Zeitalt.
1585 4860 1633 4907 der
1645 4859 1703 4922 lies.

412 4949 434 4998 l.
452 4966 478 5013 p.
498 4948 570 5012 474.)
598 4949 658 4997 sine
683 4948 768 4998 sontis
792 4949 963 4998 indicatione
987 4948 1074 4997 rerba
1099 4946 1176 4994 feeit.
1246 4943 1257 4974 ⁷
1280 4939 1414 5005 verlucijs
1434 4944 1457 4990 1.
1526 4941 1537 4973 ⁹
1561 4940 1598 5008 et]
1624 4960 1657 4994 ac
1677 4947 1701 4995 6.

412 5032 431 5066 ¹¹
456 5033 672 5101 adgrediremini
690 5037 715 5084 2.
753 5033 955 5098 egrederemini
974 5035 998 5081 6.
1035 5030 1057 5064 ¹⁵
1075 5031 1212 5093 circunsp.
1227 5033 1251 5079 1.
1304 5026 1326 5060 ²⁴
1345 5029 1456 5079 exilium
1471 5027 1496 5076 1.
