4367 6084
590 578 601 606 h

356 745 826 799 CCCLXXVIImnrnsr.nsiivss.
843 744 1291 796 cccuxxt⁷111nvenmesnin
1302 748 1559 790 srrnnneaauuaau.
1580 723 1652 793 427
1674 774 1676 778 .

359 922 441 978 diluis
464 920 646 977 voluminibus
668 920 827 994 inspergere
850 927 878 974 et
900 935 1011 992 operam
1035 918 1116 973 etiam
1139 924 1263 989 patrare.
1294 914 1360 970 adeo
1390 924 1420 970 ut
1447 913 1528 969 etiam
1551 913 1655 969 laudari

360 1015 443 1081 atque
466 1007 550 1061 rideri
575 1006 635 1061 inde
659 1004 807 1064 voluerint.
837 1020 921 1077 quare
944 1001 1023 1058 nobis
1046 1002 1136 1058 scelus
1159 1008 1233 1056 esset
1255 1000 1361 1055 tradere
1384 997 1540 1072 posteritati
1562 1007 1590 1053 et
1613 1015 1655 1052 re·

362 1093 452 1147 terre?
473 1091 601 1146 damnent
624 1090 717 1163 potius
739 1089 939 1144 damnationem
970 1095 998 1142 et
1026 1087 1108 1160 impia
1136 1087 1244 1141 decreta
1273 1102 1335 1145 sua,
1366 1100 1422 1139 non
1450 1099 1509 1137 nos.
1554 1076 1666 1148 Quoab

361 1176 450 1232 adhuc
471 1176 589 1230 dixerint
612 1174 884 1246 lluttenonrastyges,
914 1189 1021 1245 semper
1050 1179 1146 1245 optare
1169 1170 1351 1225 licinaneuses
1381 1167 1432 1223 sihi
1464 1166 1531 1222 tales
1553 1166 1654 1227 hostes,

340 1260 455 1334 aqualis
477 1269 520 1315 est
542 1259 692 1320 lluttenus‚
717 1257 815 1313 tollant
838 1256 889 1311 sihi
913 1256 964 1310 hos
986 1273 1137 1311 concussus
1160 1263 1186 1309 ct
1210 1253 1293 1316 ictus;
1317 1261 1344 1308 et
1367 1252 1389 1307 si
1413 1251 1452 1306 illi
1475 1267 1530 1306 nou
1546 1249 1655 1312 laedunt.
1721 1279 1727 1286 -

364 1344 581 1400 vehementiores
604 1362 634 1399 ac
657 1343 788 1398 tortiores
810 1341 933 1396 dabimus
956 1338 1028 1395 olim.
1059 1339 1160 1394 Valcte.

358 1561 430 1622 nutet
449 1572 500 1611 ons
520 1559 600 1610 initiet
620 1573 644 1609 rr
660 1550 691 1622 3i’1
713 1565 792 1621 nttrnu
818 1562 878 1607 uem
902 1570 958 1619 non.
999 1556 1111 1620 dentum
1136 1562 1180 1607 nm
1205 1555 1329 1618 herztithm
1353 1553 1393 1617 lun
1417 1551 1523 1616 eiiam.
1548 1559 1595 1604 unu
1616 1558 1657 1603 ert

362 1645 452 1697 [einen.
489 1644 573 1704 &nou
591 1639 752 1705 ultiniiemin
769 1641 886 1704 actitent¹
910 1640 978 1702 hiim
995 1641 1040 1704 itit
1060 1641 1164 1704 tutidur
1184 1637 1321 1701 antonum
1341 1635 1550 1701 militensium,
1570 1635 1594 1699 [a
1607 1639 1656 1688 mut

361 1737 413 1780 uin
433 1728 482 1779 trit
497 1724 620 1792 [nlntio.
644 1726 699 1777 uber
714 1733 755 1778 mr
773 1726 816 1787 teet
840 1726 915 1788 nima
938 1724 1078 1788 notatque)
1102 1724 1152 1790 [eiu
1176 1719 1270 1786 utinm.
1307 1722 1352 1784 tob
1372 1723 1437 1775 mett
1461 1730 1504 1772 nen
1522 1721 1610 1784 heram
1630 1721 1657 1771 iu

329 1813 443 1875 roteintr
462 1811 679 1874 uunntrbnrtidun
697 1811 891 1874 ntuentinhtit,
913 1817 954 1860 uer
971 1813 1040 1873 nuth
1059 1809 1109 1870 trin
1129 1810 1313 1872 trutinarent,
1336 1806 1360 1868 in
1385 1804 1482 1868 hredun
1506 1805 1585 1869 inno,
1609 1811 1657 1856 unt

361 1898 401 1948 nit
418 1880 597 1958 tptnmtidi'tittn
613 1901 654 1946 ter
672 1891 833 1958 bohhndtinm
853 1898 945 1957 hectun
965 1889 1081 1955 relinet,
1103 1885 1133 1957 3i1
1152 1891 1272 1956 helerium
1288 1897 1329 1942 ter
1353 1886 1485 1953 ermitttn,
1510 1892 1568 1941 mett
1592 1890 1657 1952 Qut,

366 1971 749 2043 taurominitanum
773 1974 909 2041 potimini.
951 1980 1002 2041 sne
1025 1979 1145 2030 annatim
1166 1979 1255 2039 unum,
1276 1983 1328 2028 aem
1352 1975 1450 2038 frumen
1480 1973 1580 2037 totitem
1607 1978 1658 2036 titre

364 2063 443 2125 uitio
467 2076 515 2114 nun
534 2063 643 2126 hutten,
671 2069 723 2114 non
745 2061 787 2123 nili
810 2061 844 2114 nii
866 2068 953 2113 anneta
975 2060 1008 2122 oh
1030 2060 1115 2125 ychen
1144 2053 1297 2126 dimidium,
1326 2066 1394 2111 unna
1415 2060 1485 2122 nuth
1509 2072 1542 2122 nu
1562 2049 1592 2122 it
1615 2048 1658 2120 niu

365 2148 501 2211 mittitote
519 2161 632 2210 nemina,
660 2160 692 2198 nn
711 2157 751 2210 mn
772 2145 867 2207 hunul.
909 2147 993 2209 Bnmit
1016 2146 1105 2207 tenum
1130 2151 1206 2208 mett,
1236 2145 1280 2196 uit
1308 2146 1364 2207 nudi
1393 2143 1475 2207 antire
1503 2142 1598 2206 uerior?
1623 2142 1657 2193 im

334 2242 426 2286 tamnu
445 2241 489 2284 not
508 2232 623 2295 natium,
643 2235 693 2282 ont
712 2231 738 2282 in
757 2225 878 2293 ihrtineit
898 2231 934 2282 irs
953 2229 1033 2281 tabens
1051 2229 1178 2295 pittonem
1198 2229 1274 2294 [enen.
1652 2233 1654 2236 ⁴

822 2458 825 2460 -
838 2448 1160 2465 ——---¹

385 2649 551 2714 trumo-t
854 2634 1172 2710 CCCLXXVIII.

366 2722 569 2731 ——-

856 2807 968 2887 [iinon.
992 2809 1174 2866 ut'lttltusstt

950 2912 991 2952 Art
1015 2912 1080 2952 DEN

589 2991 917 3042 S'l'ADTSCHREIBER
936 2992 1020 3043 CHR.
1039 2993 1144 3043 STILZ
1163 2995 1200 3044 IN
1219 2989 1438 3058 tvtuuuultuq
1533 3047 1535 3051 ,

336 3134 363 3173 eo
460 3156 560 3168 .....
586 3112 662 3180 Quod
684 3113 766 3186 paulo
790 3114 922 3169 incivilius
946 3114 1048 3171 Erasmi
1072 3115 1193 3170 lihellorn
1216 3115 1258 3171 cui
1282 3115 1378 3171 titulos
1401 3133 1443 3171 nn
1467 3131 1584 3172 arnano
1609 3131 1662 3171 on·

371 3215 484 3255 nrrnro
509 3214 671 3254 connnrro
695 3199 881 3260 tractaverim.
904 3199 1001 3255 mirum
1025 3208 1067 3255 est
1089 3218 1170 3272 quani
1193 3217 1265 3271 angre
1289 3200 1368 3255 ieras.
1410 3218 1502 3255 verum
1525 3218 1575 3255 nos
1599 3219 1662 3273 pro·

374 3293 468 3358 pterea
492 3283 656 3357 palinodiam
680 3300 735 3337 uon
757 3284 893 3344 canimus,
917 3284 982 3356 quin
1006 3284 1059 3338 imo
1084 3301 1117 3339 ue
1139 3284 1196 3338 lato
1219 3283 1325 3356 quidem
1348 3284 1467 3339 cedimus
1489 3284 1591 3339 culmo:
1621 3292 1663 3338 est

373 3369 443 3423 eninr
468 3367 565 3423 nedum
590 3367 701 3440 impius,
736 3385 827 3423 verum
851 3367 1025 3440 blasphemus
1047 3369 1128 3424 etiarn
1158 3367 1280 3428 libellus,
1315 3367 1438 3423 omnihus
1468 3368 1523 3422 lero
1553 3368 1662 3440 scriptis

373 3452 517 3508 Erasmicis
539 3452 706 3512 contrarius.
737 3460 767 3506 ut
790 3470 860 3507 nunc
883 3467 937 3507 nou
961 3453 1075 3507 reseram
1103 3470 1181 3525 quam
1211 3453 1333 3525 ineptus,
1362 3452 1514 3525 impotens.
1544 3452 1663 3511 llaridus,

337 3554 362 3592 aa
374 3538 400 3592 in
424 3554 479 3610 quo
502 3544 603 3609 praeter
625 3536 767 3592 artificium
790 3554 870 3591 nenio
893 3537 954 3610 pius
978 3537 1044 3591 uihil
1068 3536 1184 3592 lamlavit
1208 3554 1334 3610 unquam.
1379 3537 1413 3591 dt
1443 3537 1468 3591 iu
1497 3544 1571 3590 tanta
1599 3553 1664 3590 cou-

375 3621 507 3676 troversia
536 3619 708 3692 theologum,
739 3638 792 3675 non
824 3620 1011 3676 rhetorculum
1040 3622 1222 3695 praestitisset.
1273 3621 1337 3693 qnid
1371 3621 1441 3693 enim
1475 3621 1568 3694 pietati
1603 3638 1662 3675 curn

374 3705 575 3778 epichirematis
598 3704 718 3759 Erasmi?
742 3706 805 3778 quid
828 3723 888 3760 cum
903 3703 1023 3761 'inlinitis
1046 3706 1157 3761 sinistre
1180 3706 1301 3761 tractatis
1324 3705 1409 3761 locis?
1431 3706 1527 3760 Parum
1551 3705 1664 3760 interest

375 3791 447 3844 inter
468 3807 528 3844 eum
553 3790 598 3862 qui
622 3789 725 3844 nihile
749 3789 892 3863 seripturis
915 3792 1036 3864 profert,
1067 3800 1177 3847 etcum
1206 3791 1251 3864 qui
1282 3791 1400 3864 profert,
1430 3798 1457 3845 at
1487 3791 1522 3845 ita
1549 3790 1663 3863 profert.

375 3882 405 3929 ut
427 3874 513 3946 magis
535 3874 568 3928 de
592 3891 705 3929 numero
728 3892 807 3946 quam
831 3875 942 3947 energia
964 3883 1049 3931 curet.
1095 3875 1142 3930 Uhi
1172 3893 1236 3930 sero
1259 3875 1374 3930 Gordius
1403 3893 1431 3939 se
1460 3874 1558 3948 aliquis
1585 3874 1666 3929 ollcrt

340 3959 479 4019 mundus,
513 3958 580 4012 deus
603 3957 686 4019 bone,
721 3976 801 4032 quam
824 3960 921 4015 misere
945 3978 974 4015 se
997 3959 1119 4015 misellus
1148 3968 1258 4033 torquet
1280 3958 1458 4022 Erasmiolus,
1493 3978 1573 4032 quam
1596 3959 1665 4016 belle

374 4043 522 4098 Prothoum
547 4043 646 4102 iruluit,
670 4060 751 4116 quani
773 4043 934 4099 infantiliter
957 4045 1046 4099 omnia
1069 4045 1129 4118 ugit
1151 4063 1181 4100 ac
1203 4044 1301 4118 religit.
1343 4046 1382 4099 dn
1406 4063 1459 4100 non
1484 4053 1511 4099 et
1534 4044 1586 4118 ipsi
1608 4045 1666 4100 Ori·

374 4127 467 4198 genis,
491 4144 522 4182 ac
544 4126 660 4182 aliorum
683 4128 879 4183 succinentium
904 4129 973 4184 idem
996 4129 1183 4202 epiphonima.
1207 4129 1373 4185 excussimus
1395 4130 1575 4185 sententiam?
1598 4147 1666 4201 ergo

369 4209 429 4265 ¹nou
453 4219 560 4284 patrum
583 4210 663 4266 dictis
685 4210 863 4284 placitisque,
888 4213 935 4268 sed
957 4213 1104 4270 collatione
1128 4215 1322 4288 scripturarum
1346 4213 1422 4269 locus
1445 4215 1520 4269 llonr.
1537 4215 1577 4268 lh.
1595 4231 1666 4268 runi·

375 4295 478 4367 pondus
501 4297 576 4349 erat?
600 4294 744 4349 Christiani
768 4314 874 4355 siranus,
905 4298 1039 4369 scriptura
1063 4316 1228 4370 peregrininus,
1259 4316 1311 4353 uon
1336 4307 1442 4370 patrum
1464 4298 1580 4372 placitis.
1608 4298 1667 4373 'Nc-

339 4395 365 4434 aa
376 4396 429 4452 que
452 4379 553 4434 inficias
577 4396 624 4440 eo,
655 4380 762 4435 adducit
785 4379 830 4434 ille
853 4379 928 4434 locos
952 4381 1115 4442 nonnullus,
1145 4382 1191 4437 sed
1220 4399 1312 4437 onmes
1336 4382 1454 4437 eiusdem
1479 4383 1580 4437 larino.
1618 4381 1667 4436 Sn-

373 4462 464 4536 phista
487 4463 620 4536 quispiam
645 4464 806 4537 petitionem
830 4463 955 4537 principii
979 4465 1119 4526 renueret,
1143 4472 1171 4519 et
1193 4482 1243 4519 nos
1257 4465 1293 4541 ‚in
1317 4483 1345 4519 re
1370 4474 1422 4521 tam
1445 4466 1518 4537 gravi
1534 4466 1665 4522 coccicern

942 4597 1107 4606 ——.

324 4652 330 4661 ’
373 4660 597 4711 ccchxxttlll.
629 4661 666 4721 (S.
686 4661 770 4723 Heus)
789 4661 912 4710 Eraenuts
930 4679 976 4710 tum
997 4663 1142 4710 liutardum.
1171 4663 1263 4711 Zairieh
1279 4660 1350 4710 litto.
1374 4662 1410 4710 8⁰.
1434 4663 1470 4711 11.
1495 4678 1520 4726 p.
1534 4662 1593 4709 207.
1607 4678 1664 4726 sqq.

441 4745 503 4805 Qun
521 4745 555 4821 de
574 4760 660 4793 caiisa
679 4745 750 4793 hunc
770 4744 916 4810 epistulam
936 4747 1134 4819 receperimus,
1155 4750 1308 4811 expositum
1328 4751 1371 4794 est
1389 4732 1471 4809 siipru
1490 4762 1515 4809 p.
1534 4745 1592 4792 247.
1672 4795 1674 4797 ,

441 4893 451 4925 ⁴
470 4901 526 4959 opt.
541 4893 628 4960 Rom]
648 4897 691 4946 Cf.
711 4913 794 4962 supra
807 4896 881 4962 pua.
895 4894 988 4961 petto.
1002 4895 1092 4956 §.atu
1131 4894 1151 4927 ¹⁴
1164 4897 1268 4960 uersuti,
1281 4898 1326 4958 sid,
1341 4916 1390 4947 nou
1403 4898 1467 4960 uoti.
1504 4895 1525 4928 ²⁷
1539 4898 1666 4964 epichir.]

373 4980 671 5045 argumentationibus,
686 4980 908 5030 conclusionibus
922 4980 1089 5030 dialecticis.
1143 4980 1166 5011 ³²
1184 4973 1369 5046 ἐπιφώνημα,
1385 4982 1545 5032 adclamans
1563 4983 1667 5033 dictum

373 5060 715 5114 ⁸³Pant.ad}t0m.1x.to.
759 5063 868 5113 εὖΙοειιει
880 5065 955 5113 lices.
1000 5064 1022 5095 ³⁶
1033 5081 1190 5130 coccycem,
1208 5066 1341 5128 cuculum,
1359 5068 1563 5119 conviciantem
1578 5084 1666 5120 nvem.
