4367 6084
498 737 571 808 322
674 749 876 801 cccxxxlll.
896 764 1017 800 soonam
1030 765 1134 801 nussim
1148 765 1291 802 snvsnsvs
1304 765 1478 801 suessanus
1492 765 1626 802 ιιιττειιι.

426 938 492 988 §.sou
505 927 585 985 illius
606 924 775 997 exemplum
798 924 920 981 imitari.
965 921 1125 997 Nunquam
1143 923 1244 983 adhuc
1265 924 1340 982 mihi
1355 940 1460 998 pupua
1477 921 1541 994 suit
1559 939 1627 982 mem
1649 937 1802 997 quoquam

470 1084 473 1093 Χ
494 1044 580 1103 onem
602 1024 766 1101 aliquando
788 1024 946 1083 dilexerim
968 1042 1008 1083 esc
1029 1027 1146 1094 animo·
1169 1041 1207 1084 ac
1225 1042 1263 1084 ne
1284 1027 1314 1090 iu
1334 1025 1386 1109 hos
1406 1026 1526 1098 quidem
1547 1041 1679 1099 unquam
1702 1041 1803 1082 erer-

494 1132 546 1188 cui
564 1123 675 1189 calami
694 1126 822 1201 rabiem,
857 1143 877 1184 a
902 1127 1006 1200 quihus
1033 1127 1203 1186 odiosissme
1232 1127 1403 1200 impetehar.
1448 1127 1555 1201 quodsi
1569 1130 1712 1202 placeret
1733 1126 1802 1184 hoec

493 1232 675 1307 petulantia,
695 1231 796 1287 malim
815 1229 889 1287 mihi
907 1229 980 1288 dari
997 1231 1049 1303 qui
1067 1245 1221 1302 nunquam
1244 1227 1354 1299 suisset
1378 1231 1508 1301 amicus,
1534 1231 1637 1288 malim
1656 1228 1731 1286 dari
1750 1229 1804 1285 cui

495 1349 544 1392 res
560 1337 657 1391 essent
675 1330 898 1404 sequundiores.
941 1346 1000 1389 ιιοιι
1022 1337 1066 1389 est
1075 1331 1245 1404 plausibilis
1260 1347 1326 1389 eum
1347 1333 1443 1391 amico
1461 1332 1658 1404 dipiadiatio,·
1676 1337 1707 1389 et
1723 1346 1827 1388 eru-s

428 1440 495 1490 §.w-h
508 1436 573 1495 dele
598 1439 642 1493 est
657 1435 688 1491 in
708 1434 912 1492 calamitosum
933 1449 996 1491 esse
1017 1432 1161 1490 dicacem.
1206 1427 1373 1507 *Superest
1399 1439 1432 1491 nt
1456 1433 1602 1492 adhorter
1622 1449 1723 1492 omnes
1744 1432 1801 1490 ho-

495 1551 604 1595 narum
625 1537 782 1594 literarum
804 1535 961 1605 studiosos,
982 1541 1014 1592 ut
1033 1536 1061 1592 si
1081 1534 1251 1600 detestabile
1273 1535 1390 1593 uidetur
1408 1537 1576 1608 exemplum
1598 1533 1734 1603 Hostem,
1760 1533 1803 1590 ah

430 1705 436 1713 ¹
496 1637 666 1697 huiusmodi
685 1638 866 1711 intemperiis
888 1637 1065 1708 abstineant,
1088 1651 1126 1694 ne
1144 1636 1236 1695 honos
1257 1638 1361 1695 literas
1382 1637 1513 1696 reddant
1525 1637 1698 1695 insidiosos.
1736 1651 1802 1709 ap-

491 1743 648 1815 pellantur
671 1739 880 1798 humanitatis:
908 1738 1089 1807 eaueiidum,
1118 1755 1155 1795 ne
1180 1745 1279 1796 nostro
1297 1741 1375 1797 uicio
1397 1740 1527 1797 nominis
1542 1738 1658 1797 honesti
1673 1751 1802 1810 posses-

397 1832 400 1836 *
497 1844 578 1901 sione
595 1841 791 1899 deiiciautur:
810 1847 871 1899 tum
892 1841 1009 1898 demum
1026 1848 1115 1898 erunt
1133 1839 1167 1897 id
1183 1841 1264 1914 quod
1280 1840 1435 1911 dicuntur,
1456 1840 1511 1899 hoc
1524 1847 1569 1899 est
1588 1840 1672 1898 honre
1690 1841 1800 1907 literne,
1817 1855 1840 1895 ιο

429 1949 497 2001 ιλιι
509 1946 536 2002 si
556 1959 609 2001 nos
630 1942 764 2000 reddant
783 1944 934 2014 meliores,
964 1943 991 2000 si
1016 1943 1148 2000 serviant
1171 1944 1278 2014 ploriec
1301 1943 1419 2001 Christi.
1462 1941 1563 2016 Neque
1583 1943 1661 2001 enim
1687 1942 1719 1998 ia
1745 1940 1804 1997 hoc

498 2050 645 2104 reuocatae
665 2045 780 2102 suntin
801 2043 932 2115 scholas,
955 2050 987 2102 ut
1004 2046 1152 2118 pristinas
1173 2044 1349 2117 disciplinas
1370 2045 1506 2113 eiiciant,
1528 2044 1584 2102 sed
1602 2051 1635 2103 ul
1654 2045 1717 2102 illae
1735 2058 1803 2116 pu-

498 2150 563 2207 rius
589 2153 618 2205 et
642 2146 822 2204 commodius
846 2145 1018 2203 tradantur.
1076 2145 1166 2203 Nunc
1189 2146 1268 2204 idem
1292 2144 1362 2217 sere
1392 2148 1532 2205 tumultus
1558 2152 1602 2204 est
1628 2147 1659 2203 iu
1680 2144 1803 2212 scholis,

499 2250 552 2323 qui
571 2255 615 2306 est
635 2249 665 2306 iu
686 2248 833 2306 ecclesiis:
862 2261 932 2303 num
952 2249 1091 2321 plerique
1112 2249 1165 2320 aui
1184 2249 1295 2320 liapuis
1317 2264 1354 2306 ae
1375 2248 1456 2307 honis
1477 2249 1570 2306 literis
1590 2249 1722 2321 impense
1740 2245 1805 2318 sa-

500 2357 580 2421 uent,
606 2351 737 2408 exclusis
758 2348 891 2408 omnihus
911 2352 1016 2408 studiis
1037 2349 1093 2407 has
1112 2351 1191 2408 solas
1211 2350 1367 2418 invehunt,·
1388 2367 1494 2409 mersus
1511 2351 1571 2423 qui.
1581 2350 1713 2423 pristina
1734 2354 1805 2404 slu-
1817 2364 1841 2404 ss

502 2454 554 2512 dia
577 2451 728 2533 mordicus
749 2454 888 2521 retinent,
911 2451 1032 2508 summis
1053 2451 1164 2510 virilius
1178 2452 1233 2510 hoc
1247 2459 1355 2524 apellit,
1378 2459 1410 2509 ut
1419 2446 1573 2526 politiores
1587 2453 1693 2509 literas
1704 2465 1806 2524 pror-

432 2562 500 2612 §.mu
512 2571 562 2613 sus
577 2553 705 2612 ohuant
718 2558 748 2610 et
765 2550 952 2625 eslinaumit.
990 2551 1064 2621 Ouia
1086 2555 1185 2626 potius
1206 2555 1236 2611 in
1253 2553 1309 2611 hoe
1331 2553 1538 2625 incumbimus,
1560 2561 1592 2611 ut
1605 2568 1678 2610 suas
1693 2553 1807 2624 quique

501 2655 582 2714 dotes
605 2655 728 2712 inuicem
750 2653 938 2726 conserentes
959 2656 1066 2711 mutuis
1087 2652 1198 2725 officiis
1219 2656 1409 2726 adiuvemur,
1439 2670 1529 2728 quam
1558 2662 1590 2713 ut
1609 2655 1708 2712 stultis
1726 2668 1807 2711 con-

501 2755 675 2816 tentionibus
696 2756 786 2813 olteri
809 2757 912 2813 alteris
936 2752 1206 2814 incommodemus?
1239 2755 1296 2825 (lui
1316 2758 1415 2815 ualent
1436 2757 1466 2814 in
1489 2757 1571 2814 bonis
1592 2757 1704 2826 literis,
1726 2755 1811 2813 'dent

501 2873 639 2933 opernm,
665 2862 698 2914 ut
717 2872 769 2916 eas
785 2856 902 2931 probis,
925 2858 1016 2915 castis
1036 2863 1065 2914 et
1085 2857 1244 2916 commodis
1266 2858 1395 2917 moribus
1418 2859 1623 2917 commendent
1642 2864 1672 2916 et
1694 2873 1843 2916 acres-n

502 2962 583 3018 sione
597 2960 770 3032 prasiorum
787 2960 1015 3033 disciplinarum
1038 2960 1240 3027 cohonestent·
1262 2960 1367 3033 quilms
1383 2976 1441 3018 non
1463 2962 1663 3033 cantieorum,
1684 2959 1811 3017 addant

434 3068 502 3119 §.⁴⁰8·
515 3069 544 3121 et
562 3062 617 3121 hoc
639 3061 754 3119 decoris
775 3061 880 3120 studiis
898 3064 970 3120 suis.
1025 3061 1133 3121 Mutua
1154 3061 1316 3119 eoncordia
1344 3061 1442 3134 [eiciet
1472 3078 1510 3120 ue
1534 3063 1609 3134 qiud
1634 3062 1686 3120 cui
1712 3061 1809 3130 desit,-

503 3165 626 3223 dissidio
641 3165 690 3235 fit,
713 3169 746 3221 ut
764 3181 819 3224 nec
841 3164 890 3222 his
906 3164 988 3223 hortis
1008 3180 1075 3236 quie
1098 3164 1208 3222 adsunt
1223 3161 1380 3234 fruamur.
1424 3166 1495 3237 quin
1517 3165 1662 3229 universis
1684 3167 1723 3221 ιι·
1735 3179 1810 3221 mu-

502 3268 592 3325 nimis
611 3270 641 3323 et
660 3266 788 3324 minimis
810 3265 869 3325 huc
886 3267 1055 3328 conandum
1073 3273 1130 3337 est,
1154 3272 1186 3323 ut
1206 3267 1284 3323 inter
1306 3265 1488 3324 Christianos
1503 3281 1571 3340 pau
1591 3273 1620 3322 et
1638 3265 1808 3323 eoncordia

503 3349 663 3427 sarciatur.
697 3385 777 3428 nunc
793 3385 887 3442 neque
903 3368 1010 3426 muudi
1028 3367 1117 3426 leuius
1135 3364 1242 3440 pacem
1264 3367 1418 3438 trahemus,
1439 3383 1529 3440 quum
1547 3367 1679 3440 undique
1695 3365 1859 3438 surio-is,

503 3472 544 3530 sis
565 3470 649 3528 hellis
669 3469 810 3542 ferveant
824 3472 938 3541 omnia,
960 3487 1055 3542 sieque
1074 3485 1180 3543 pacem
1203 3470 1265 3541 dei,
1289 3485 1377 3542 quum
1396 3474 1479 3528 tacita
1498 3470 1723 3542 sit'opinionnm
1738 3469 1810 3527 dis-

504 3573 615 3642 sensio,
643 3588 697 3630 ncc
726 3574 788 3631 ulla
810 3587 935 3646 nsquam
956 3587 1083 3645 syncera
1103 3572 1234 3630 amicitia
1256 3578 1309 3628 aut
1327 3569 1469 3642 fraterna
1485 3571 1633 3642 charitas,
1659 3571 1718 3629 sed
1727 3587 1810 3645 pes-

435 3675 588 3733 §.unsina
612 3671 761 3744 [matema
789 3676 891 3731 uitiata
918 3676 1026 3732 omnin.
1070 3671 1105 3730 Si
1123 3674 1175 3732 cui
1191 3676 1292 3746 placet
1311 3673 1366 3731 hoc
1386 3677 1530 3744 seculum,
1559 3671 1707 3744 [rnatum
1734 3671 1813 3729 mihi

503 3775 620 3835 uidetur
641 3773 885 3858 infelicissimam.
930 3769 1013 3844 *oui
1031 3777 1152 3847 nepocio
1170 3773 1279 3845 [atterit
1298 3776 1485 3847 eeanpelico,
1506 3773 1634 3844 [clueant
1653 3775 1811 3848 simplici-

504 3882 549 3934 ter
570 3891 608 3934 ac
622 3875 805 3948 prudenter:
834 3892 872 3933 ue
889 3876 989 3946 fidant
1007 3878 1203 3934 clanculariis
1222 3875 1503 3949 corispirctionihus,
1526 3893 1563 3934 ue
1584 3876 1741 3934 maledicis
1763 3877 1843 3933 li-ss

504 3975 587 4034 hellis
610 3977 640 4034 in
658 3977 827 4049 pontificem
855 3982 909 4033 aut
925 3979 1095 4050 principes,
1121 3979 1225 4050 quihus
1246 3980 1306 4038 illis
1327 3979 1423 4050 maais
1442 3977 1758 4049 couciliaut'saeorem
1782 3986 1812 4037 et

504 4079 656 4149 evanpelio
675 4079 807 4149 conflant
826 4077 987 4146 inuidiam,
1005 4080 1061 4137 sed
1078 4060 1177 4153 posita
1195 4082 1275 4139 omiti
1289 4081 1479 4154 peruicacia,
1500 4081 1602 4153 positis
1622 4079 1730 4137 studiis
1745 4079 1811 4137 hu-

505 4180 610 4238 manis.
641 4179 718 4253 *qui
736 4179 814 4238 docti
828 4186 898 4238 suat
918 4182 995 4238 iuter
1016 4197 1078 4239 sese
1091 4180 1253 4253 edisserant
1267 4182 1304 4240 de
1319 4181 1446 4240 tollendo
1460 4181 1539 4239 orbis
1554 4181 1695 4251 dissidio,
1719 4197 1810 4254 quee-

505 4299 562 4355 ιιι
584 4281 760 4340 uidebuntur
785 4282 828 4340 ad
844 4282 996 4357 publicam
1021 4283 1185 4342 Christiani
1206 4286 1312 4357 populi
1340 4286 1465 4342 salutem
1488 4289 1517 4340 et
1539 4282 1649 4340 Christi
1673 4285 1809 4354 plorinm

504 4382 625 4456 facere,
648 4377 791 4443 *secretis
811 4387 904 4443 literis
922 4385 1054 4444 indicent
1069 4387 1204 4459 pontifici
1221 4402 1259 4444 ac
1275 4385 1410 4455 Casari,
1426 4392 1454 4442 et
1469 4385 1499 4442 in
1517 4384 1572 4442 hoc
1590 4386 1713 4456 nepocio
1734 4394 1843 4442 uer-ss

428 4493 506 4567 *2⁴¹0-
517 4495 619 4546 sentus·
636 4503 761 4562 syncere
774 4493 916 4562 tanquam
931 4504 1032 4546 coram
1049 4488 1112 4546 deo.
1148 4487 1216 4546 Hac
1230 4489 1346 4545 ratione
1359 4488 1445 4545 citius
1457 4488 1695 4545 consuluerimus
1709 4502 1809 4545 euan-

503 4592 610 4663 pellea
640 4591 826 4664 synceritati,
853 4607 943 4663 quam
968 4591 1047 4648 rixis
1069 4605 1221 4664 nuripuam
1246 4589 1404 4659 finiendis:
1432 4584 1525 4646 *dum
1549 4590 1628 4646 enim
1654 4590 1721 4647 sine
1746 4592 1810 4660 fine

505 4692 660 4764 rixamur,
684 4708 725 4749 an
747 4694 786 4750 sit
806 4693 929 4765 aliquod
950 4691 1055 4749 honum
1073 4706 1148 4765 opus
1164 4690 1303 4762 hominis,
1320 4693 1369 4763 sit,
1391 4697 1423 4749 ut
1435 4707 1542 4749 reuera
1557 4692 1671 4749 nullum
1687 4679 1808 4750 hahea-

505 4808 570 4852 mas
591 4809 665 4866 opus
687 4783 810 4862 hortuna,¹
832 4793 926 4853 *dum
941 4793 1142 4865 delitipamus,
1165 4808 1206 4849 an
1220 4794 1284 4850 sola
1296 4793 1373 4864 sides
1387 4792 1497 4867 absque
1512 4792 1651 4868 operibus
1665 4793 1810 4881 eonsesal

572 4992 583 5024 ²
607 4991 697 5059 quem]
723 4992 777 5043 Sea
800 5008 960 5056 quemnam,
984 4994 1042 5054 dic,
1067 4993 1206 5043 hominem
1229 5009 1356 5059 umquam
1380 4993 1503 5045 dilexisti
1529 5010 1562 5045 ex
1587 4995 1681 5046 animo
1704 5002 1808 5061 praeter

504 5093 586 5129 unum
604 5079 714 5128 unicum
732 5078 895 5132 Erasmum‘i
947 5078 1045 5129 0ιιίιὶο
1064 5080 1122 5128 Μ.
1176 5077 1196 5110 ¹³
1215 5077 1299 5129 scolis
1318 5082 1343 5129 2.
1352 5082 1377 5130 3.
