4367 6084
522 713 595 784 282
695 728 894 780 cccxxxut.
916 744 1034 780 soonam
1048 744 1151 780 vassus
1165 744 1309 780 invensvs
1322 744 1496 780 Asenatttltss
1510 746 1643 780 averem.

521 901 703 975 respondens
730 901 773 959 ad
799 900 943 973 quosdam
970 904 1111 960 articulos
1134 918 1206 974 avios
1225 910 1256 959 ut
1276 903 1430 961 haereticos
1448 908 1562 976 prater
1582 918 1707 961 caitsam
1727 903 1808 960 odio-

520 1005 632 1062 sissime
644 1002 751 1074 suerat
768 1004 926 1060 insectatus
945 1003 1085 1062 Nicotaus
1097 1003 1325 1062 Ecmondanas:
1347 1005 1409 1061 illic
1425 1003 1554 1061 in'tt'talo
1569 1019 1639 1062 voco
1656 1005 1722 1063 illos
1738 1002 1810 1074 fra-

520 1112 580 1163 tres
602 1103 803 1172 honorandos,
826 1109 855 1161 et
876 1106 906 1161 iv
925 1107 988 1162 alia
1005 1105 1136 1177 vivariam
1158 1106 1277 1178 appello
1295 1121 1345 1163 eos
1356 1110 1462 1178 patres
1477 1105 1655 1163 reverendos
1673 1111 1703 1164 et
1717 1106 1811 1163 domi-

458 1190 460 1196 ’
521 1223 573 1264 nos
584 1207 749 1279 plurimum
770 1204 976 1263 observandos.
1021 1205 1098 1264 Sunt
1117 1209 1205 1264 etiam
1224 1208 1300 1263 inter
1320 1208 1386 1263 illos
1407 1206 1547 1279 quibam
1565 1206 1810 1272 volantErasno,

521 1313 589 1365 sient
610 1306 713 1378 quibvs
737 1307 916 1379 displiceant
944 1323 1039 1365 mores
1059 1307 1249 1366 Ecmondani
1275 1324 1312 1365 ae
1342 1308 1503 1374 l'ineentii,·
1526 1314 1596 1365 sient
1615 1317 1644 1365 et
1665 1308 1830 1366 sanabiless

454 1413 521 1462 §.lw-
531 1409 662 1481 auidam.
706 1407 839 1475 Primam
854 1408 1013 1465 ridiculum
1030 1415 1073 1466 est
1086 1411 1221 1466 criminis
1239 1411 1303 1466 loco
1319 1408 1445 1466 obiicere
1460 1391 1557 1467 titulos
1572 1411 1715 1477 solennes,
1734 1426 1812 1481 quos,

523 1491 717 1578 vidiaimus,
739 1510 769 1565 in
791 1509 895 1566 mediis
916 1510 998 1567 bellis
1018 1509 1106 1567 bostis
1127 1509 1229 1568 tribuit
1250 1510 1333 1568 besti.
1378 1510 1486 1567 deinde
1507 1507 1631 1568 cataam
1649 1527 1744 1568 meam
1759 1527 1814 1583 aaa

480 1623 482 1627 ’
520 1610 605 1683 apud
624 1611 709 1668 illos:
730 1609 805 1682 quid
818 1609 874 1682 bae
893 1611 936 1667 ad
949 1607 1132 1668 Huttenam?
1154 1612 1227 1683 quid
1241 1617 1337 1669 autem
1351 1613 1470 1669 stultius
1488 1628 1576 1683 quam
1594 1628 1644 1670 eos
1661 1619 1813 1670 contum&

523 1713 594 1769 liose
615 1712 772 1783 appellare
790 1710 893 1783 quibas
914 1712 1032 1771 studeas
1049 1712 1180 1786 probari
1201 1728 1324 1769 cansam
1347 1708 1452 1770 tuam?
1478 1728 1572 1786 porro
1596 1713 1671 1786 qttid
1687 1715 1815 1786 iniquius

454 1818 521 1867 §.aa
534 1827 622 1885 quam
638 1818 726 1869 totum
743 1813 878 1869 ordinem
898 1812 1022 1880 laedere,
1046 1828 1135 1885 quam
1152 1815 1177 1872 is
1195 1829 1253 1871 non
1270 1809 1442 1870 mereatur?
1463 1812 1524 1870 Sed
1537 1816 1618 1887 stupe
1635 1831 1737 1872 omnes
1753 1831 1815 1872 esse
1825 1826 1845 1865 ¹⁰

522 1915 670 1971 inimicos:
694 1921 774 1972 certe
793 1915 942 1971 civilitatis
963 1929 1001 1972 ae
1020 1915 1191 1987 prudentia
1212 1921 1256 1971 est
1274 1929 1362 1987 auam
1381 1916 1577 1986 paucissimos
1599 1901 1730 1983 tardere·
1747 1932 1815 1973 riam

519 2012 590 2086 lieri
601 2021 711 2088 potest,
734 2022 766 2072 ut
782 2016 885 2072 caeteri
902 2020 956 2071 aut
970 2017 1048 2086 fiant
1068 2019 1159 2075 amici
1179 2022 1232 2073 atat
1249 2017 1348 2073 mitius
1366 2017 1568 2074 smtinimici:
1594 2017 1732 2089 equidem
1758 2033 1815 2074 non

523 2116 711 2174 dissimulabo
732 2132 778 2174 nte
793 2132 903 2190 cupere
924 2131 1030 2189 pacem
1048 2119 1076 2174 si
1093 2119 1164 2187 fieri
1179 2119 1283 2190 possit,
1305 2132 1364 2174 non
1385 2120 1478 2175 solnm
1498 2132 1564 2174 cum
1585 2117 1816 2176 lovaniensibus

522 2219 676 2292 tbeoloois,
696 2233 797 2276 verim
812 2219 900 2275 etiam
914 2233 981 2274 cum
999 2219 1142 2276 universis
1158 2219 1416 2292 praedicatoribus.
1453 2216 1520 2274 lam
1539 2218 1619 2290 quod
1631 2218 1817 2290 vociferatur

523 2336 568 2379 me
585 2325 653 2394 post
669 2321 830 2378 excitatum
851 2318 1020 2376 vicendium
1036 2319 1171 2377 blandiri
1189 2319 1331 2388 hostibus,
1350 2319 1487 2391 quodque
1500 2322 1530 2376 in
1548 2321 1667 2378 illorum
1682 2324 1814 2393 aratiam
1827 2333 1847 2372 ιε

523 2439 603 2481 rtitne
623 2422 703 2480 lvitne
720 2437 799 2478 nune
814 2422 896 2478 illam
913 2436 953 2476 eve
968 2423 1070 2479 amicis
1090 2423 1253 2495 arripiam,
1278 2436 1367 2494 qnam
1384 2421 1422 2478 sit
1438 2420 1554 2492 salsum
1570 2437 1641 2480 mox
1662 2423 1816 2495 aperiam:

456 2530 522 2580 tall.
535 2540 614 2582 nune
631 2525 708 2581 enim
726 2524 855 2579 crimina
871 2538 1044 2595 persequor.
1089 2523 1172 2580 Audi
1189 2539 1269 2580 nivnc
1289 2522 1375 2579 riliad
1390 2530 1597 2594 arpamentum
1612 2525 1817 2581 inconstantia

522 2641 608 2694 inea,
627 2631 659 2681 ut
675 2630 764 2696 putat
783 2622 941 2693 Huttenus,
962 2624 1017 2681 sed
1033 2640 1139 2682 revera
1156 2623 1249 2697 ipsius
1265 2623 1472 2696 impudentia:
1493 2625 1537 2681 ait
1551 2639 1596 2681 me
1611 2627 1735 2682 muttum
1753 2626 1817 2682 dis-

522 2727 646 2783 sensisse
668 2740 687 2781 u
702 2724 810 2781 saltatis
826 2722 991 2782 Coloniensi
1010 2730 1039 2781 et
1054 2724 1245 2788 lanciciensi,
1267 2740 1357 2796 quum
1375 2723 1553 2782 Sentirnento
1570 2741 1625 2783 suo
1639 2727 1819 2784 damnarent

524 2828 635 2898 aliquot
655 2826 796 2882 articulos
816 2823 951 2894 lutheri,
975 2841 1054 2893 nune
1076 2827 1154 2884 idem
1170 2826 1303 2900 probare
1322 2826 1402 2898 quod
1417 2828 1506 2899 prius
1527 2827 1719 2894 damnarem,
1740 2840 1850 2900 pro-n

521 2934 626 3000 pterea
642 2926 723 2998 quod
737 2927 768 2983 iu
788 2926 912 2998 epistola
927 2927 1059 2998 eliadam
1080 2928 1124 2984 acl
1135 2927 1331 2985 lovanienses
1352 2926 1498 2999 tbeolopos
1518 2929 1622 2985 tactem
1646 2943 1692 2985 me
1711 2927 1819 3002 dispu-

456 3028 693 3086 §.venatonibus
714 3029 831 3085 illoram
853 3026 997 3086 adversas
1020 3027 1182 3087 lutherum
1203 3029 1435 3086 constantissime
1450 3027 1574 3099 favisse.
1619 3029 1678 3088 Hic
1698 3030 1774 3088 mibi
1792 3036 1819 3087 te

524 3145 640 3204 vuaso,
662 3131 767 3198 tector,
791 3128 993 3187 animadverte
1010 3130 1192 3187 maliciosum
1215 3131 1245 3186 in
1264 3129 1392 3187 Halteuo
1410 3132 1509 3188 amnia
1529 3132 1739 3189 calumniandi
1753 3140 1817 3188 stu-

524 3233 623 3289 dium:
638 3232 779 3288 articulos
795 3232 859 3288 illos
875 3246 929 3287 aee
946 3230 1074 3303 probavi
1086 3247 1141 3289 nec
1157 3230 1322 3304 improbavi
1336 3247 1484 3303 anquam:
1500 3231 1632 3290 nolebam
1648 3234 1727 3290 enim
1740 3251 1818 3306 ora-

523 3335 634 3404 tlsicari
659 3331 834 3404 quibusdam
859 3347 935 3388 ansa
958 3332 1088 3406 praebita
1115 3347 1204 3403 qaam
1231 3331 1413 3405 captabant·
1436 3341 1615 3405 provocatus
1643 3349 1662 3389 a
1689 3349 1736 3391 me
1764 3350 1850 3392 co-vs

524 3451 591 3494 ram
614 3439 727 3493 rectore
750 3432 976 3502 Ecmondanus,
1006 3439 1038 3490 ut
1056 3431 1215 3506 proferret
1239 3435 1284 3490 va
1307 3449 1398 3490 anum
1426 3436 1584 3492 articulum
1606 3450 1690 3506 quan
1713 3451 1767 3506 epo
1788 3436 1817 3491 in

524 3537 653 3595 lutbero
675 3537 720 3593 vel
734 3536 810 3592 inter
818 3537 930 3608 poeula
949 3533 1161 3605 defendissem,
1181 3549 1269 3604 vatim
1287 3534 1363 3592 rtiltil
1379 3534 1502 3593 liaberet
1514 3535 1594 3608 quod
1607 3535 1726 3605 diceret,
1739 3553 1819 3609 pro-

456 3645 524 3695 §.wt-
536 3640 602 3696 tulit
622 3639 717 3695 iocum
739 3638 770 3693 ia
797 3638 920 3709 epistola
942 3636 986 3693 ad
1004 3636 1192 3693 cardinalem
1216 3634 1422 3706 illamentatum
1450 3636 1487 3693 de
1512 3635 1706 3707 consessione.
1751 3637 1820 3696 Illic

524 3741 572 3798 aio
593 3738 819 3796 Ecmondanum
843 3738 961 3811 publice
980 3737 1138 3794 damnasse
1164 3735 1243 3808 quod
1270 3751 1327 3793 non
1351 3738 1555 3793 intellexerat:
1579 3740 1663 3809 atqui
1683 3738 1739 3796 boe
1760 3754 1818 3796 non

523 3847 568 3898 est
588 3838 752 3910 desertdere
776 3839 856 3910 quod
878 3839 1000 3912 scripsit
1019 3836 1183 3907 lutberus,
1206 3837 1262 3894 sed
1281 3839 1361 3894 iltius
1384 3837 1597 3910 impudentiam
1615 3841 1748 3912 prodere
1768 3843 1851 3913 quiin

524 3956 583 3998 non
602 3941 749 3997 intellecta
771 3956 805 3997 re
825 3938 1005 4010 vociferatus
1018 3940 1057 3996 sit
1071 3938 1157 4011 apud
1170 3939 1323 4011 poputum.
1369 3938 1416 3995 ‘At
1428 3946 1500 4012 post
1511 3938 1603 4010 [atreo
1620 3943 1739 4000 illorum
1754 3942 1820 3999 dis-

525 4037 753 4114 putationibus.
800 4039 879 4108 (luid
905 4039 960 4098 boe
988 4041 1031 4097 ad
1052 4035 1286 4097 Sentimentum?
1309 4055 1364 4097 nec
1384 4042 1462 4098 enim
1488 4042 1550 4098 illie
1571 4041 1739 4114 disputant,
1767 4038 1821 4101 sed

521 4142 740 4217 pronunciant,¹
762 4157 817 4199 nee
834 4141 952 4212 docent,
976 4143 1030 4199 sed
1043 4142 1198 4199 damnant.
1243 4141 1397 4222 seditiosas
1412 4143 1479 4199 illas
1494 4141 1720 4213 vociferationes
1736 4145 1821 4218 apud

522 4246 679 4319 populum,
702 4244 733 4301 iu
751 4243 857 4316 auibus
871 4245 964 4301 rnndta
976 4245 1079 4317 palam
1102 4241 1329 4311 mentiebantur,
1351 4258 1469 4315 seraper
1485 4243 1651 4316 improbavi
1663 4251 1692 4302 et
1710 4244 1818 4302 borta-

524 4354 570 4405 tvs
590 4360 654 4404 sum
668 4361 716 4404 eos
730 4351 762 4402 ut
775 4345 834 4402 illis
847 4346 962 4403 omissis·
975 4346 1157 4416 arpvmentis
1176 4345 1362 4401 revincerent
1375 4343 1550 4415 lutln’ram,
1569 4353 1597 4402 et
1614 4347 1642 4402 si
1657 4326 1709 4404 itta
1724 4361 1817 4403 erra·
1827 4361 1851 4398 ss

458 4454 525 4503 §³2⁴-
538 4454 592 4520 ret,
608 4447 747 4506 docerent
760 4449 894 4505 meliora.
928 4447 961 4504 id
972 4452 1075 4519 pastea
1087 4446 1158 4515 fieri
1171 4452 1296 4518 captum
1313 4452 1357 4503 est
1372 4445 1482 4503 abillis
1497 4448 1570 4503 satis
1584 4446 1752 4504 moderate:
1765 4444 1819 4504 lte

526 4566 545 4607 a
563 4565 609 4608 me
626 4549 785 4624 probatum
806 4554 863 4607 est:
885 4548 965 4620 quod
984 4549 1014 4605 in
1036 4548 1096 4604 illis
1112 4536 1359 4619 disputationibus
1379 4553 1545 4617 assumunt,
1564 4564 1582 4603 a
1604 4562 1650 4605 me
1669 4564 1724 4607 neo
1743 4565 1820 4621 pro-

592 4714 711 4780 ³Vinc.]
731 4714 899 4765 'theodorici
922 4713 955 4762 de
974 4712 1131 4775 Reverwijk
1154 4714 1214 4761 sive
1233 4713 1383 4772 Harlemii,
1408 4712 1491 4762 theol.
1511 4715 1545 4762 D.
1559 4715 1757 4776 Lovaniensis,
1784 4716 1818 4763 ab

525 4803 640 4852 Erasmo
659 4800 740 4850 titulo
759 4798 977 4865 pertinacissimi
996 4798 1193 4847 obtrectatoris
1216 4798 1352 4847 honorati.
1372 4797 1522 4858 †a.152tl.
1594 4797 1614 4829 ¹⁸
1634 4796 1684 4862 ait]
1704 4800 1817 4864 Expost.

525 4888 548 4944 δ.
563 4885 620 4934 116.
674 4883 694 4914 ¹⁹
708 4881 834 4948 sentina]
849 4884 998 4931 sententiae
1012 4881 1244 4931 condemnatoriae
1257 4881 1418 4946 magistrale
1432 4896 1539 4930 nomen.
1576 4883 1684 4932 Prodiit
1703 4900 1728 4932 a.
1745 4883 1817 4933 1513.

526 4970 569 5017 Ui.
589 4967 777 5031 (Hartzhe-im)
796 4966 891 5016 Prodi.
910 4965 974 5014 hist.
994 4966 1068 5014 univ.
1083 4965 1178 5015 Calon.
1192 4982 1218 5031 p,
1233 4965 1272 5014 15.
1342 4965 1364 4996 ²⁸
1383 4964 1474 5031 episi]
1494 4967 1612 5016 Lovanii
1631 4968 1656 5016 d.
1673 4970 1695 5018 l.
1709 4969 1778 5018 Nov.
1792 4984 1816 5017 a.

528 5051 599 5101 1519.
613 5052 728 5117 scripta.
