4367 6084
533 758 536 766 π
562 714 631 784 174
720 728 851 778 cccvn.
865 744 968 778 aruasnr
982 745 1043 778 nor.
1058 744 1093 778 ao
1108 744 1222 779 nancrar
1236 745 1381 780 arvernen
1395 747 1437 780 ar.
1452 747 1477 780 n.
1493 740 1510 780 t.
1525 747 1606 782 reon.
1622 739 1683 780 ¹5²³.

421 978 422 981 Ἴ
486 907 545 957 btt-
556 903 655 957 moniis
676 911 850 974 coarguatur.
895 901 1011 957 Proinde
1034 920 1088 957 non
1112 912 1170 958 orat
1193 921 1298 976 aequum
1322 905 1439 959 minitari
1463 905 1539 977 prius
1555 921 1635 976 quam
1651 904 1782 959 vidissent
1798 919 1848 975 qua

555 989 659 1042 ratione
683 1004 790 1059 quaque
813 987 999 1041 moderatione
1017 988 1201 1060 scripsissem:
1226 988 1349 1043 irritabat
1365 998 1453 1043 antem
1470 989 1571 1044 multos
1594 988 1706 1043 ridicula
1730 987 1848 1059 suspicio

554 1089 614 1143 qnae
637 1079 809 1143 persuaserat
832 1071 952 1125 libellum
969 1088 1048 1143 quem
1065 1090 1111 1126 rex
1127 1072 1275 1143 duglorum
1292 1074 1438 1145 scripserat
1460 1073 1587 1127 advorsus
1602 1073 1766 1131 Lutbcrnm,
1789 1088 1849 1125 meo

554 1156 638 1210 blarte
659 1156 839 1228 compositum
862 1173 936 1216 esse,
963 1163 1091 1211 caeterum
1119 1156 1230 1222 titulum
1261 1159 1333 1229 regis
1356 1159 1476 1212 additum
1500 1175 1554 1229 quo
1577 1159 1663 1228 magis
1686 1163 1847 1228 gravaretur

555 1240 704 1294 lutherus:
734 1249 762 1295 et
791 1241 839 1295 bac
861 1241 894 1295 dc
917 1257 946 1293 re
971 1248 1023 1295 tam
1047 1239 1130 1295 stulta
1154 1241 1308 1297 scribebant
1330 1242 1362 1296 ad
1385 1255 1428 1297 me
1451 1242 1523 1296 serio
1546 1244 1635 1314 magni
1657 1241 1799 1315 principes
1822 1248 1869 1293 eta

554 1325 631 1392 aurici
659 1325 747 1384 electi.
775 1334 906 1380 conantes
935 1325 1066 1397 expiscari
1096 1326 1151 1379 veri
1180 1327 1389 1398 professionem.
1435 1326 1533 1398 quodsi
1556 1327 1664 1381 vicisset
1687 1323 1848 1380 stultissima

555 1410 688 1482 suspicio.
718 1408 841 1464 videlicet
870 1411 896 1464 in
926 1426 1013 1463 rrreuor
1040 1418 1121 1482 caput
1151 1411 1243 1464 iisderrr
1273 1410 1412 1484 leporibus
1437 1406 1556 1466 lusisset
1569 1411 1719 1469 lutherus.
1751 1409 1848 1481 quibus

485 1510 626 1559 §.terrimo
649 1493 716 1548 ludit
739 1494 764 1548 in
789 1512 888 1566 regem.
934 1497 968 1547 at
997 1511 1049 1565 ego
1077 1494 1186 1549 interim
1214 1495 1291 1549 annis
1319 1496 1424 1568 aliquot
1455 1512 1507 1549 non
1536 1496 1652 1550 videram
1675 1494 1848 1552 Britanniam,

553 1587 580 1633 et
603 1596 685 1651 qurum
707 1577 801 1633 tlaletii
824 1579 969 1633 salutarem
991 1596 1083 1649 regem
1109 1579 1256 1633 innumeris
1279 1580 1372 1634 aulicis
1395 1579 1590 1653 praesentibus.
1620 1597 1653 1633 ne
1675 1577 1849 1649 cogitabatur

554 1664 662 1736 quidem
684 1663 717 1717 de
739 1663 881 1718 scribendo
904 1663 1032 1717 ailrersns
1054 1664 1216 1724 liutherum,
1247 1664 1294 1719 sed
1325 1665 1417 1737 potins
1445 1664 1478 1718 dc
1507 1664 1696 1738 componendo
1718 1662 1880 1717 dissidinzttt

554 1748 673 1803 nondam
702 1748 773 1802 ertim
802 1748 904 1803 exierat
933 1746 1079 1819 tripudias
1103 1748 1280 1820 babylonica:
1312 1766 1395 1822 porro
1424 1747 1545 1803 libellum
1574 1765 1629 1803 nou
1652 1748 1729 1820 prius
1753 1746 1847 1801 rescivi

554 1833 683 1904 scriptum
707 1849 780 1891 csse.
811 1850 891 1905 quam
913 1831 966 1885 vidi
989 1849 1129 1893 excusum,
1155 1833 1235 1904 idque
1257 1834 1370 1905 brugis,
1400 1850 1482 1905 qaum
1507 1832 1561 1888 illic
1582 1830 1727 1888 canlinalis
1750 1830 1848 1885 Ebora·

553 1917 642 1971 censis
664 1925 757 1994 ageret
779 1917 812 1971 de
835 1917 916 1971 rebus
937 1917 1133 1988 componendis
1157 1917 1228 1971 inter
1250 1918 1380 1972 Caesarem
1397 1926 1423 1971 et
1440 1917 1552 1972 Gallum.
1576 1916 1733 1972 obsidebam
1749 1915 1847 1969 ostium

555 2002 583 2056 ll.
607 2001 750 2056 cardinalis
774 2000 897 2056 sabulans
920 2002 991 2055 inter
1006 2000 1087 2069 illius
1111 2019 1239 2074 proceres
1262 2011 1290 2056 ct
1312 2011 1456 2074 expectans
1480 2010 1509 2056 at
1532 2003 1564 2056 ad
1587 2002 1698 2075 primam
1730 2000 1848 2055 occasio-

553 2103 613 2140 nem
638 2085 712 2156 illum
736 2086 889 2140 salutarem.
936 2086 1041 2140 tandem
1069 2085 1162 2158 prodit
1185 2086 1302 2141 blarinus
1330 2085 1493 2146 l'laracciola.
1524 2087 1638 2141 nuncius
1667 2084 1878 2158 apostolicrrs‚ra

553 2169 674 2225 libellum
697 2188 776 2226 manu
799 2179 917 2243 gestans.
963 2187 1031 2241 rogo
1055 2188 1118 2225 rrrrrn
1142 2169 1219 2225 liceat
1243 2172 1363 2243 aperire:
1386 2172 1494 2230 anuuit:
1524 2171 1587 2242 lego
1611 2169 1721 2224 titulum
1744 2169 1847 2223 dmnta·

553 2264 598 2310 rat
620 2265 647 2309 ct
671 2256 744 2328 qnod
767 2248 862 2310 resin
887 2255 938 2309 ima
961 2255 1083 2325 margine
1106 2255 1199 2327 primm
1222 2256 1327 2328 paginae
1351 2264 1447 2329 suapte
1470 2255 1788 2327 ruanu'snbscripserat,
1818 2271 1846 2306 ac

554 2339 680 2413 qnoniam
704 2349 759 2395 tum
783 2357 837 2395 noo
861 2338 957 2394 licebat
980 2338 1119 2412 pluribus,
1142 2340 1265 2394 arridens
1288 2339 1371 2394 reddo
1388 2340 1498 2401 librum:
1523 2340 1646 2394 ‘luridae'
1663 2340 1772 2411 inquam
1789 2337 1846 2391 ‘Lu-

554 2425 633 2479 tbcro
656 2424 736 2479 talem
759 2424 964 2485 adversarinm';
988 2423 1033 2477 ille
1055 2424 1172 2496 primum
1196 2424 1354 2495 ringebatur
1375 2425 1462 2496 iringis
1485 2441 1564 2496 quam
1582 2423 1700 2484 ridebat;
1724 2423 1768 2477 nbi
1786 2439 1845 2477 sen-

556 2509 665 2564 tentiam
689 2510 799 2564 eandem
822 2508 966 2563 dilucidius
982 2509 1190 2581 expressisscm,
1215 2507 1356 2581 respondit
1379 2508 1419 2562 ‘Et
1434 2526 1486 2579 ego
1503 2507 1627 2580 gratulor
1642 2508 1762 2562 Romano
1778 2518 1877 2580 porr-ao

485 2599 542 2648 w).
554 2593 617 2648 tibci
642 2593 721 2649 talem
744 2593 931 2648 defensorem'.
977 2591 1081 2646 loterea
1105 2611 1187 2665 quum
1209 2593 1273 2647 mibi
1289 2610 1399 2666 quoqne
1414 2592 1522 2647 libellus
1538 2600 1610 2647 esset
1625 2600 1701 2648 certo
1717 2609 1747 2645 ac
1763 2609 1846 2664 saepe·

547 2695 667 2733 numero
689 2678 853 2750 promissus.
879 2677 970 2731 nescio
994 2693 1048 2749 quo
1070 2680 1134 2732 ca'sn
1158 2695 1212 2732 non
1236 2678 1357 2732 redditus
1380 2686 1436 2731 est:
1460 2678 1585 2751 suspicor
1607 2676 1642 2731 ob
1664 2676 1766 2731 abitmn
1789 2692 1846 2729 car·

551 2761 648 2817 dinalis
671 2762 799 2835 opinione
821 2761 994 2815 celeriorem:
1019 2770 1060 2815 cst
1083 2762 1153 2816 enim
1177 2769 1204 2815 ot
1226 2763 1278 2816 boc
1301 2762 1419 2833 regium:
1449 2772 1506 2816 crat
1531 2770 1618 2816 tamen
1640 2760 1793 2814 destinatus
1815 2759 1846 2812 li·

553 2846 640 2901 bellus
664 2864 742 2919 qncm
767 2850 812 2900 rea
836 2854 930 2918 suapte
954 2862 1033 2900 uranu
1056 2854 1197 2900 notaverat
1221 2855 1279 2919 ‘pro
1301 2847 1329 2900 ll.
1346 2846 1473 2901 Erasmo’.
1519 2847 1541 2900 is
1565 2846 1663 2900 missus
1686 2862 1778 2900 mense
1794 2846 1845 2898 Aa·

553 2941 635 3003 gusto
669 2948 740 2986 anno
769 2931 841 2986 iuxta
869 2931 1014 2985 burrianum
1043 2931 1264 3003 supputationem
1293 2930 1438 2987 millesimo
1467 2930 1686 3003 quingentesimo
1716 2929 1874 2984 ricesimoaa

553 3017 655 3089 primo:
685 3016 806 3071 redditus
834 3023 877 3070 cst
899 3013 1024 3076 llasilcae,
1053 3033 1145 3070 menso
1168 3014 1328 3077 Februario,
1356 3033 1426 3070 anno
1455 3014 1598 3069 millesimo
1622 3013 1841 3086 quingentesimo

553 3102 678 3157 vicesimo
701 3100 833 3162 secundm
857 3117 906 3154 nec
928 3116 1045 3172 unquam
1069 3099 1134 3153 mibi
1158 3098 1233 3155 licuit
1256 3099 1347 3171 legere
1370 3098 1490 3154 libellum
1515 3100 1635 3172 regium.
1660 3098 1712 3151 nisi
1734 3116 1766 3153 ea
1782 3097 1845 3152 aedi·

554 3187 628 3241 tione
657 3185 803 3242 miserabili
833 3184 1041 3256 degentinensi.
1071 3201 1160 3255 eoque
1187 3182 1308 3256 perlecto
1336 3202 1397 3239 moa
1420 3184 1524 3256 perlegi
1548 3192 1575 3238 et
1597 3182 1708 3237 Lntbori
1733 3198 1844 3255 respon·

485 3272 665 3327 §.sisenem
710 3273 824 3327 'lantum
848 3269 911 3325 nribi
934 3277 1041 3325 constat
1064 3269 1097 3323 de
1120 3267 1226 3330 libello,
1250 3286 1298 3323 nec
1314 3277 1446 3341 praetcrea
1463 3269 1534 3341 pilus
1550 3267 1638 3327 ullus:
1662 3283 1844 3338 necunquam

553 3355 670 3412 olfacere
693 3356 770 3430 potui
794 3355 817 3410 si
839 3355 915 3409 cuius
939 3372 1022 3427 opera
1045 3371 1091 3407 rea
1115 3351 1170 3407 illic
1192 3353 1299 3416 anlintns
1322 3362 1408 3407 esset:
1439 3352 1521 3425 plano
1547 3353 1653 3425 plrrasis
1682 3352 1769 3424 ipsius
1792 3359 1876 3409 estat

552 3449 580 3495 et
603 3442 741 3512 ingenium
764 3439 844 3494 babet
867 3438 1010 3495 adomnia
1034 3438 1097 3492 lolia
1119 3445 1147 3491 ct
1168 3438 1339 3509 eaprcditnm.
1368 3445 1396 3491 et
1424 3446 1510 3492 tamen
1540 3436 1627 3509 siquid
1651 3435 1784 3490 voluisset
1805 3435 1844 3489 nti

551 3526 693 3581 doetonnn
716 3525 836 3584 arrailiis,
860 3523 939 3578 babet
962 3523 1048 3578 aulam
1071 3522 1204 3577 dillertam
1227 3523 1291 3576 viris
1313 3522 1422 3577 disertis
1444 3530 1472 3576 ct
1494 3521 1616 3576 creditis.
1661 3521 1796 3575 Caeterum
1818 3520 1843 3573 ia

551 3610 665 3683 epistola
690 3610 753 3683 quid
777 3608 848 3664 aliud
870 3607 974 3662 laudavi
997 3625 1076 3682 quam
1100 3608 1217 3662 animum
1241 3608 1328 3678 regis,
1352 3615 1398 3661 ant
1421 3606 1484 3678 qiud
1508 3605 1579 3661 alind
1596 3605 1704 3660 landarc
1720 3612 1843 3676 poteram

554 3712 607 3748 non
632 3695 702 3750 lecto
726 3694 814 3749 libro‘t
846 3691 901 3747 trio
921 3699 1033 3764 expecto
1063 3692 1224 3746 sententiam
1255 3693 1306 3747 mei
1329 3691 1490 3749 Lntberani,
1519 3707 1552 3745 an
1576 3707 1682 3763 aequum
1706 3690 1742 3744 sit
1765 3689 1844 3743 buius

484 3788 543 3838 §.aa
554 3779 714 3850 suspitionis
738 3788 791 3833 tam
814 3777 892 3832 inane
915 3776 1048 3831 somnium
1072 3776 1136 3830 milri
1160 3776 1255 3831 obesse
1278 3777 1347 3849 apud
1371 3777 1443 3830 viros
1464 3774 1642 3851 euangelicos.
1687 3774 1875 3828 audinaeus

551 3862 622 3917 alind
645 3864 761 3917 crimen:
785 3861 945 3933 impingitur
969 3860 1032 3914 milri
1056 3860 1128 3932 qnod
1152 3867 1214 3913 ante
1237 3870 1355 3932 quatuor
1377 3876 1462 3915 annos
1485 3877 1539 3915 nim
1561 3859 1733 3915 discesserim
1749 3876 1764 3913 c
1780 3876 1843 3930 pro·

551 3946 643 4000 scenio
665 3946 758 4000 diceus
782 3943 882 3999 ‘Varlete
905 3953 932 3998 et
954 3944 1090 4016 plaudite,
1115 3943 1240 3998 nimirum
1264 3962 1321 3999 moa
1345 3944 1432 4018 gloria
1455 3961 1571 4017 meoque
1594 3944 1707 4017 praemio
1730 3950 1842 3997 conten·

553 4038 609 4090 tns,
634 4030 706 4101 quod
729 4029 836 4100 linguas
858 4029 1038 4083 consecrarim
1063 4026 1223 4099 tlreolo'gim,
1249 4029 1321 4102 qnod
1345 4030 1507 4102 sophisticas
1530 4046 1608 4083 ranas
1632 4027 1764 4083 oscbolis
1780 4044 1842 4100 pro·

552 4114 680 4184 lligarim.
705 4114 777 4186 qnod
799 4113 964 4185 contemptis
986 4112 1147 4167 ceremoniis
1170 4113 1201 4167 ad
1225 4114 1315 4168 lentes
1338 4131 1421 4169 sacrae
1437 4115 1581 4186 scripturae
1597 4114 1647 4167 sim
1663 4113 1841 4167 adbortatns:

551 4198 594 4252 bic
621 4208 695 4254 certe
725 4197 786 4271 plus
815 4197 901 4252 laudis
923 4197 990 4251 mibi
1013 4197 1136 4252 tribuunt
1158 4215 1238 4270 quam
1261 4217 1313 4270 ego
1336 4202 1469 4269 aglrosco:
1498 4198 1544 4252 sed
1568 4215 1603 4251 ea·
1623 4198 1674 4251 boc
1697 4197 1874 4270 prosceniott

550 4283 688 4339 discedere
718 4300 771 4337 nou
801 4282 864 4338 licet
892 4282 943 4336 nisi
973 4283 1108 4354 cboragus
1136 4282 1181 4337 ille
1205 4292 1299 4337 noster·
1323 4283 1441 4337 iusserit.
1486 4281 1516 4336 Et
1540 4289 1628 4336 tamen
1652 4281 1690 4336 sic
1713 4281 1841 4337 bactenns

550 4387 603 4440 ago
626 4368 755 4429 fabulam,
779 4377 810 4423 ut
833 4366 877 4422 illa
901 4366 1022 4422 sublimia
1047 4368 1150 4423 Rosciis
1173 4368 1336 4440 etdesopis
1358 4367 1523 4438 relinquam:
1553 4367 1669 4439 donique
1692 4366 1841 4421 comoedum

552 4472 612 4510 esse
634 4455 698 4510 milri
722 4454 807 4525 magis
830 4452 897 4508 libet
919 4470 998 4525 quam
1021 4453 1187 4524 tragaediam:
1210 4470 1242 4507 ca
1264 4469 1343 4512 voco,
1367 4451 1512 4510 lateribus.
1535 4459 1594 4505 arte
1617 4467 1658 4505 me
1683 4450 1772 4523 ipsum
1789 4466 1841 4504 ore·

484 4540 614 4598 §.satior
660 4540 710 4595 Sed
739 4539 845 4597 obstas,
876 4538 1014 4610 inquiunt.
1045 4537 1180 4609 rcliqmnn
1211 4535 1307 4592 fabulae
1335 4536 1493 4609 peractoris.
1539 4536 1683 4590 Audiamus
1707 4535 1793 4605 igitur
1815 4541 1842 4587 et

552 4625 608 4680 baec
630 4625 755 4680 crimina:
784 4624 942 4683 Romanam.
973 4623 1111 4696 inquiunt,
1135 4620 1274 4675 ecclesiam
1297 4621 1383 4675 adbuc
1406 4620 1562 4692 magnifacit
1584 4627 1612 4675 ct
1634 4619 1767 4690 agnoscit,
1791 4619 1874 4673 tto-n

551 4727 658 4764 manum
681 4708 836 4780 pontiliccm
859 4707 945 4762 adbuc
967 4707 1019 4762 coli
1044 4706 1132 4767 iubet,
1156 4705 1251 4760 scribit
1274 4705 1407 4760 neminem
1425 4705 1524 4759 bonum
1541 4721 1659 4777 irrrqnam
1676 4703 1842 4758 subtraxisse

616 4889 627 4920 ²
645 4890 766 4939 lritobat
785 4893 810 4938 1.
867 4887 1003 4937 ³Prodiit
1021 4889 1136 4951 primum
1155 4888 1241 4936 Loml.
1262 4888 1289 4936 in
1309 4887 1415 4937 aedibus
1433 4887 1618 4949 Pyrrsonienis
1637 4885 1767 4964 uasat,
1787 4890 1842 4932 trun

549 4974 720 5025 detersae.
757 4974 800 5022 Cf.
814 4973 913 5021 lloaeoe
932 4972 1027 5033 tiseos
1040 4973 1095 5019 Leo
1115 4965 1149 5018 X.
1167 4973 1205 5020 cd.
1222 4970 1260 5018 ta.
1315 4968 1336 5002 ¹⁵
1353 4972 1421 5019 Mor.
1436 4968 1563 5033 Corace]
1585 4969 1631 5017 ille
1650 4969 1684 5017 do
1704 4984 1756 5033 quo
1775 4968 1843 5017 satis

549 5074 641 5123 surpra.
712 5055 734 5088 ⁴²
753 5059 833 5105 Rosc.
849 5061 876 5103 et
889 5053 962 5118 Aes]
982 5056 1113 5104 comoedis
1132 5060 1160 5104 et
1184 5054 1341 5103 tabularum
1361 5054 1558 5105 inventoribus
