4367 6084
522 728 722 780 cccxxxlss.
737 745 858 780 ssosoin
870 746 975 781 sensui
988 746 1132 782 sovsnsvs
1145 746 1319 798 assumsisse
1333 746 1465 782 numism.
1564 718 1632 788 271
1716 787 1726 802 ⁴

343 903 428 973 ataui
449 899 562 958 Beatus
583 900 748 959 Bhenanus
777 917 832 959 nec
858 901 976 960 iserdum
1007 905 1097 961 ullam
1123 905 1243 976 scripsit
1269 903 1313 960 ad
1336 918 1381 960 me
1408 919 1448 959 cn·
1473 902 1638 971 Sietstadia‚
1676 972 1679 976 ,

342 1019 397 1058 nec
419 1002 478 1059 lum
500 1018 650 1072 reuersas,
671 1004 730 1059 iarn
745 1002 815 1060 hinc
826 1002 965 1076 profecto
981 1001 1124 1073 Hadcno,
1142 1005 1320 1075 sianiticoait
1332 1020 1461 1076 numiam
1476 1004 1533 1062 sibi
1542 1003 1639 1076 faisse

342 1104 518 1175 colloquium
547 1118 613 1159 cum
634 1102 781 1169 liutteno,·
816 1120 870 1162 nec
897 1104 931 1161 id
954 1106 1073 1162 omnino
1095 1105 1184 1177 prius
1213 1108 1334 1175 rescivi,
1363 1121 1452 1178 auam
1477 1123 1517 1163 eu
1547 1109 1639 1165 literis

342 1203 510 1261 Huttenicis
537 1219 612 1277 quas
640 1206 683 1262 ad
708 1221 754 1262 me
779 1205 862 1265 dedit
893 1221 933 1263 eu
953 1204 1123 1264 Millliusio:
1161 1223 1214 1264 eas
1235 1209 1344 1278 tenenti
1364 1207 1438 1264 milii
1460 1206 1540 1277 sorte
1566 1207 1638 1278 sor-
1649 1217 1706 1264 §.su
1787 1218 1789 1220 ·

314 1319 332 1354 ⁵
344 1313 418 1363 tutin
441 1304 550 1363 cederat
567 1305 818 1380 Eppdendoruius
837 1312 866 1363 et
884 1305 997 1364 Beatus
1005 1327 1016 1372 ,·
1046 1322 1135 1378 auum
1155 1314 1269 1365 uenirem
1290 1317 1368 1365 esset
1385 1308 1428 1364 ad
1445 1324 1510 1365 etim
1533 1311 1638 1381 locam,

347 1402 463 1464 ‘Beate'
487 1408 607 1478 inuitam
630 1407 688 1465 ‘liic
710 1414 740 1464 tu
763 1410 878 1465 cloettrt's
900 1409 930 1464 in
956 1409 1017 1479 ius,
1048 1399 1269 1481 aptis-esttibi
1286 1406 1432 1482 patroao’,
1462 1410 1504 1468 itu
1526 1410 1639 1468 Beatus

346 1510 475 1580 inaenae
493 1507 598 1579 fassas
617 1517 661 1567 est
682 1509 716 1565 id
736 1510 883 1581 quadres
903 1515 984 1578 mot,
1010 1524 1042 1566 se
1066 1510 1143 1567 nillil
1163 1527 1293 1583 eenauam
1315 1513 1512 1582 si'aniticasse,
1536 1520 1565 1569 et
1584 1530 1639 1570 cur

345 1625 403 1666 nan
424 1608 560 1680 fecisset,
588 1612 730 1668 rationem
753 1610 896 1668 reddidit.
941 1626 978 1667 ac
997 1619 1065 1682 post
1082 1627 1140 1684 per
1161 1615 1256 1670 ocium
1278 1628 1340 1670 rem
1361 1628 1473 1669 orniam
1494 1616 1538 1670 sie
1557 1614 1706 1674 iniussu.

344 1712 504 1783 explicuit,
536 1717 567 1768 ut
594 1727 717 1783 conercr
744 1713 793 1769 liic
819 1712 994 1770 desiderare
1019 1714 1236 1786 simplicitatem
1263 1716 1346 1772 illam
1374 1715 1579 1772 Germanicam
1608 1718 1636 1772 in

292 1811 489 1882 ¹⁰Hutteno,
523 1813 575 1884 oui
600 1813 656 1870 lioc
683 1819 890 1888 oruamentum
916 1814 1082 1872 calliditate
1110 1816 1240 1887 quaedam
1266 1814 1432 1887 affectaret,
1463 1824 1494 1874 ut
1520 1817 1641 1875 lietberet

346 1930 403 1985 qna
424 1915 662 1972 calumniaretur
683 1929 776 1972 metim
795 1917 1021 1973 conscientiam:
1051 1932 1145 1988 neque
1166 1917 1243 1996 enirn
1264 1916 1358 1975 Beato
1378 1920 1535 1991 quicquam
1554 1935 1639 1976 seor-

345 2030 409 2072 sum
433 2023 488 2071 aat
508 2017 586 2073 serio
607 2016 773 2085 enarmonii,
796 2023 849 2073 aut
864 2017 1009 2074 eiusmodi
1027 2017 1108 2089 auod
1121 2033 1221 2091 opera
1236 2020 1371 2092 precium
1391 2026 1467 2077 esset
1486 2036 1532 2076 me
1546 2022 1640 2099 scire,-

345 2122 457 2173 tantum
485 2116 618 2175 omnihus
644 2120 696 2190 aad
721 2118 851 2175 oderant
876 2118 1064 2176 audientibus
1091 2118 1192 2176 aiebat
1217 2135 1262 2177 me
1290 2136 1348 2177 non
1377 2122 1504 2194 perinde
1531 2121 1640 2193 sttt'crc

344 2217 492 2286 Latlrei·o,·
525 2219 559 2276 id
578 2219 830 2293 interpretabatur
851 2226 957 2277 metum
977 2220 1149 2293 dicebatque
1170 2237 1201 2277 se
1222 2222 1295 2279 milti
1308 2223 1439 2279 animum
1455 2223 1637 2281 additarum.

295 2319 391 2375 tane
409 2325 478 2391 post
496 2321 605 2377 similia
626 2320 764 2393 quadam
789 2321 943 2378 maridaeit
972 2322 1029 2392 illi,
1056 2337 1146 2394 quum
1170 2328 1332 2396 putaretur
1351 2322 1503 2381 Basileam
1525 2328 1707 2397 repeti-sas.

345 2427 444 2490 turus,
478 2420 554 2480 itidil
581 2423 698 2480 interim
724 2423 864 2479 minitans
893 2427 947 2478 out
970 2424 1061 2480 idlam
1080 2424 1333 2521 sianidcatioaem
1360 2425 1437 2481 dans
1459 2428 1520 2484 stili
1540 2427 1569 2482 in
1594 2443 1640 2484 me

345 2521 485 2579 acuendi.
530 2522 574 2579 Ae
596 2541 633 2581 ne
654 2523 687 2580 id
705 2523 823 2596 quidem
846 2539 976 2581 seorsum
999 2531 1170 2597 factumest,
1193 2526 1290 2583 sedin
1306 2526 1538 2600 mediostrepita
1552 2529 1641 2586 simul

345 2622 506 2680 ridentium
537 2640 575 2682 ac
602 2625 775 2697 nieaantium
805 2640 1030 2696 conaerroaum.
1075 2621 1188 2700 *Atque
1212 2629 1328 2686 interim
1350 2625 1708 2698 notiorisieentissime§.is

346 2724 384 2780 de
406 2739 453 2780 me
474 2726 654 2797 loquebatur,
684 2733 717 2783 ut
743 2726 871 2784 Beatum
898 2730 983 2784 nulla
1006 2731 1138 2801 uoliteril
1164 2729 1263 2788 subire
1287 2737 1457 2802 sequuturae
1481 2733 1639 2802 traamdice

295 2827 484 2898 ²osusuicio·
532 2826 647 2885 Beindc
669 2843 757 2900 auum
786 2831 909 2900 neqocia
935 2806 1066 2898 Beatam
1090 2829 1202 2887 diutius
1224 2840 1448 2889 remorarentur
1471 2834 1500 2889 in
1524 2837 1639 2905 patria,

345 2926 493 2985 Haltenus
511 2930 747 3001 autenticorum
768 2931 850 2986 illum
874 2930 1025 2987 mandatis
1046 2931 1189 2989 indicauit
1214 2949 1246 2990 se
1271 2949 1341 2990 mou
1362 2932 1515 2990 Basileom
1537 2935 1641 3011 reditu-

345 3044 412 3085 rum
434 3030 563 3101 miliique
580 3033 651 3104 plus
671 3033 744 3088 salis
762 3033 930 3089 meticuloso
950 3031 1124 3089 additarum
1141 3035 1282 3091 animum.
1321 3037 1362 3091 ila
1378 3037 1541 3106 conquieuit
1555 3034 1640 3093 Beo-

345 3135 391 3187 tas
413 3130 489 3189 ntia
509 3133 665 3205 suspicans
685 3133 828 3190 orituram
851 3134 934 3190 mali.
985 3150 1040 3191 nec
1058 3135 1203 3191 oritarum
1225 3141 1306 3204 erat,
1336 3136 1364 3191 si
1384 3138 1550 3206 eontiyisset
1574 3141 1708 3194 cal-§.m

344 3232 442 3304 loqid:
479 3226 598 3290 *decern
626 3232 721 3290 uerbis
746 3233 954 3305 satisfecissem
983 3233 1107 3291 Hatieni
1128 3235 1287 3292 stomacho.
1335 3235 1419 3293 Certe
1439 3235 1551 3293 Beatus
1578 3241 1640 3295 ali-

304 3346 338 3386 25
348 3341 459 3405 autento
474 3340 541 3406 post
554 3350 690 3392 reversas
705 3343 747 3392 cst
763 3334 916 3394 Basileon
931 3350 1020 3407 quoin
1035 3334 1105 3392 liinc
1122 3317 1302 3393 discessisset
1316 3334 1469 3393 Halteaus.
1506 3337 1538 3394 ls
1552 3354 1641 3409 areima

345 3436 544 3508 praesentibus
571 3438 683 3508 aliquot
705 3439 822 3504 amicis,
851 3451 975 3510 quorum
1000 3442 1066 3493 unt
1085 3436 1251 3513 lodovicus
1273 3436 1387 3507 Beras,
1413 3454 1459 3494 nee
1486 3441 1639 3508 salutaret,

345 3537 473 3609 roaabat
500 3539 642 3610 quomodo
670 3537 744 3595 milii
770 3540 938 3596 conueniret
965 3552 1032 3601 cum
1059 3537 1204 3605 Huiteao,·
1231 3554 1402 3611 responsum
1431 3546 1474 3596 est
1500 3538 1641 3612 ‘optime'‚·

345 3645 435 3711 alacre
456 3641 498 3697 ita
520 3644 579 3696 tum
602 3638 675 3697 milei
691 3641 785 3712 platee
802 3655 979 3714 irersuasum
1001 3646 1076 3697 crat.
1113 3656 1233 3697 rursum
1252 3656 1341 3712 quum
1361 3642 1466 3699 iterum
1488 3657 1533 3698 nie
1554 3633 1708 3699 sala-'sas

345 3741 434 3797 tandi
450 3741 553 3813 aratia
573 3743 766 3812 conuenisset,
790 3742 1042 3817 Eandendorpius
1064 3741 1198 3799 saluauit
1216 3741 1338 3800 Hutteni
1357 3744 1401 3800 ad
1417 3744 1511 3817 ipsum
1529 3746 1640 3813 literas,

307 3843 377 3898 sain
401 3842 506 3914 quilius
527 3842 691 3900 mandabat
698 3888 704 3906 ,
733 3843 906 3901 admoneret
932 3859 977 3901 nie
1006 3859 1043 3899 ne
1072 3845 1236 3900 insectarer
1262 3843 1437 3914 Lamecum,
1468 3862 1499 3903 se
1525 3847 1643 3917 quidem

341 3945 506 4016 plurimam
534 3941 642 4013 sanem
671 3945 756 4014 milii,
790 3952 930 4003 calmum
959 3960 1005 4003 me
1033 3961 1091 4002 nou
1118 3960 1204 4017 posse
1232 3947 1297 4019 ipso
1324 3948 1368 4004 uti
1396 3950 1507 4019 tainica,
1539 3949 1597 4004 nisi
1623 3964 1644 4004 a

344 4044 476 4103 Latlmro
497 4045 662 4117 impetendo
685 4053 891 4119 temperarem.
936 4062 1024 4119 auum
1047 4052 1144 4103 autem
1167 4047 1200 4104 id
1220 4049 1359 4121 temporis
1381 4049 1456 4107 uiuit
1476 4051 1573 4107 minus
1590 4065 1644 4107 co-

342 4149 472 4217 ailarem
493 4162 581 4219 qineim
605 4147 643 4203 de
664 4146 793 4205 Lielliero
817 4150 937 4221 scriptis
963 4149 1144 4222 impetendo,
1174 4149 1329 4206 sitiebatur
1357 4151 1434 4208 iuter
1455 4167 1508 4208 nos
1523 4150 1643 4222 futura

346 4248 558 4318 trainaaillitas.
606 4248 699 4317 Baetim
721 4250 807 4323 anecd
827 4265 879 4307 nos
903 4249 978 4306 nlliit
1001 4251 1119 4307 iuterim
1142 4258 1217 4307 essct
1237 4258 1332 4307 ortum
1357 4267 1440 4308 noua?
1464 4255 1522 4321 rei,
1549 4255 1710 4324 inuidos-to.

311 4356 412 4421 :suast
438 4346 581 4418 adfertur
609 4349 760 4408 horribilis
787 4351 913 4408 nuncius
941 4349 1098 4407 Hedtenam
1127 4350 1311 4408 veliementer
1342 4350 1491 4422 insensum
1514 4352 1645 4408 scrihere

346 4452 377 4506 in
403 4449 572 4507 Erasnium.
616 4450 692 4508 Hoec
710 4452 848 4524 plurilus
870 4450 1128 4508 commemoranda
1150 4449 1241 4519 daci,
1272 4457 1305 4507 ut
1327 4453 1520 4524 perspicuam
1541 4453 1579 4508 sit
1600 4467 1645 4507 me

347 4568 403 4610 nec
423 4554 582 4626 qedcquam
603 4538 771 4625 cbanouissc
791 4569 832 4611 eu
853 4551 961 4621 Beato,
992 4567 1086 4622 raeque
1106 4550 1144 4607 de
1165 4552 1265 4608 etitimo
1284 4550 1409 4609 Halteni
1423 4549 1536 4621 offenso
1557 4554 1644 4623 uteie*

347 4669 437 4725 queam
456 4656 587 4727 potitisse
606 4657 766 4728 suspicari.
813 4654 878 4713 Boc
900 4655 991 4726 latim
1008 4651 1206 4723 fundamento
1233 4650 1348 4708 siiitnto
1368 4655 1483 4709 corruit
1502 4652 1712 4724 aiiicquiasso.

347 4755 397 4812 liic
418 4756 578 4813 calumnia
598 4758 775 4831 simerstruit
796 4756 950 4814 Ilattenas.
990 4752 1049 4810 Cirr
1071 4768 1129 4808 iiim
1154 4752 1230 4809 idem
1253 4752 1318 4809 lea’c
1339 4751 1492 4809 mandauit
1513 4753 1562 4809 liic
1578 4752 1644 4825 Ep-

313 4842 536 4931 mplienil'orpio
561 4856 671 4917 delenti
695 4873 748 4927 sito
773 4859 853 4929 qiiod
883 4859 946 4916 illic
972 4855 1137 4913 mandarat
1164 4849 1281 4910 Beato?
1315 4852 1355 4910 At
1379 4856 1429 4911 ille
1460 4855 1647 4912 renunciavit

352 4958 511 5016 llattenum
536 4975 640 5016 sereno
662 4961 881 5032 tranquilloque
902 4976 965 5017 esse
989 4961 1019 5016 iu
1047 4973 1093 5014 mc
1114 4957 1221 5013 anieno.
1264 4954 1348 5024 (lieod
1369 4956 1397 5012 si
1417 4972 1471 5027 eqo
1492 4957 1644 5014 sensissem

352 5065 482 5118 animum
505 5059 641 5131 Halia-ui,
664 5076 747 5133 quem
769 5068 829 5117 tum
853 5077 921 5119 aere
942 5059 1095 5127 austriam,
1119 5058 1221 5130 siliqua
1243 5058 1409 5129 suspicione
1430 5058 1644 5128 enitleeratum,
