4367 6084
416 751 629 802 cccxxxtnt.
649 764 839 801 nnvanrutsrr
853 764 905 800 rao
918 763 1049 801 nvrrrno
1061 763 1099 800 ar>
1112 763 1216 798 ausin
1230 760 1371 797 sroaorarr
1384 759 1549 796 aaseossro.
1587 729 1660 801 335

367 927 429 982 vitae
452 926 632 1000 synceritate,
656 924 702 998 qui
725 923 822 981 allecta
845 923 887 979 vel
910 923 1009 980 iudicio
1031 939 1123 978 errare
1146 922 1338 995 nonpossint:
1362 928 1427 976 suut
1442 921 1512 977 enim
1529 919 1661 980 homines,

367 1029 439 1085 quus
462 1011 582 1066 videmus
607 1009 740 1064 interdurn
763 1009 826 1082 plus
849 1008 989 1065 affectibus
1012 1008 1115 1063 servire
1138 1022 1218 1080 quatu
1241 1024 1336 1063 omnes
1359 1005 1431 1077 vulgi
1455 1005 1592 1064 homines,
1617 1022 1661 1060 su·

368 1095 476 1169 perbia,
501 1094 578 1155 lusu,
602 1102 630 1149 et
652 1093 762 1149 avaritia
785 1093 908 1167 perditos
931 1102 959 1148 et
981 1092 1143 1166 absorptos,
1172 1091 1317 1147 utnullos
1347 1089 1591 1163 prophanissimos.
1629 1105 1661 1143 er

369 1197 432 1236 vere
454 1187 544 1235 autern
568 1179 681 1234 cruditis
704 1177 834 1234 ethonis
858 1186 886 1233 ιιι
910 1178 1043 1234 neminem
1067 1176 1132 1232 mihi
1155 1175 1231 1231 dabis
1254 1176 1300 1249 qui
1323 1191 1378 1230 non
1399 1183 1530 1229 strennue
1546 1190 1661 1229 cousen-

345 1266 419 1320 stiat
441 1282 503 1320 cum
525 1264 654 1319 luthero.

433 1344 533 1425 [5²¹³]
578 1365 628 1404 ua.
652 1350 693 1402 Ac
715 1363 750 1402 ue
772 1350 807 1402 de
829 1349 895 1403 rcdc
919 1347 1051 1402 Romana
1074 1357 1201 1417 uuquam
1224 1346 1424 1401 inconstanter·
1449 1345 1561 1399 locutus
1588 1359 1662 1401 sum.

370 1428 421 1490 ou.
446 1433 533 1500 Quare
557 1449 611 1487 non
635 1433 839 1488 inconstanter?
873 1432 1000 1506 quoniam
1023 1430 1173 1487 fortissima
1196 1430 1312 1503 suspitio
1343 1436 1386 1485 est
1414 1428 1440 1482 iu
1470 1445 1499 1483 re
1530 1428 1603 1501 turpi
1633 1436 1660 1484 te

369 1535 425 1574 non
448 1518 574 1591 potuisse
595 1516 738 1590 imperium
761 1516 927 1577 detrectare,
956 1524 983 1571 et
1012 1515 1143 1589 optimam
1171 1515 1304 1588 quandam
1327 1512 1477 1569 mercedem
1501 1521 1529 1568 et
1551 1512 1660 1568 minime

369 1602 567 1659 contemnenda
591 1618 683 1675 operae
705 1601 795 1674 precia
819 1610 983 1674 reportasse.
1021 1600 1124 1674 alioqui
1147 1617 1208 1674 quae
1224 1599 1303 1655 Furia
1326 1605 1435 1672 poterat
1457 1598 1496 1653 sic
1518 1606 1661 1653 excantare

334 1699 361 1738 ro
371 1695 412 1748 te,
436 1694 467 1742 ut
489 1686 630 1759 manifeste
653 1686 853 1741 contradiceres
876 1685 999 1741 veritati?

435 1766 532 1847 [erra]
577 1787 627 1826 nn.
656 1771 715 1825 Nec
742 1772 934 1842 indulgentias
962 1785 1083 1841 usquam
1114 1771 1142 1824 iu
1172 1776 1259 1824 totum
1288 1770 1401 1823 domno.
1478 1782 1528 1823 or.
1556 1766 1582 1821 Si
1606 1784 1660 1822 non
1696 1818 1699 1825 .

368 1856 494 1916 damnas,
518 1855 613 1929 proler
635 1847 702 1926 ergo
725 1854 765 1909 vel
789 1871 871 1909 unum
895 1856 950 1911 iota
974 1855 1052 1910 nohis
1074 1854 1108 1910 de
1131 1854 1211 1925 nugis
1234 1861 1261 1908 et
1284 1851 1427 1908 tendiculis
1450 1851 1504 1906 illis
1533 1869 1564 1906 ex
1594 1853 1660 1907 scri-

369 1940 468 2014 pturis.
514 1940 670 2012 accingere,
694 1940 746 1994 iarn
769 1947 873 1994 matura
897 1955 940 1994 res
964 1947 1020 2003 est;
1043 1938 1145 2011 alioqui
1169 1947 1256 1995 actum
1279 1938 1312 1993 de
1335 1937 1377 1993 his
1400 1937 1461 1992 erit.
1489 1937 1572 1992 Audis
1588 1937 1661 2010 quod

369 2042 498 2081 vocamus
521 2041 622 2098 nugas,
647 2025 811 2097 imposturas
834 2032 1009 2096 etsagenam
1032 2023 1142 2079 diaboli.

336 2121 361 2160 ¹⁵
436 2104 534 2184 [solt]
579 2125 628 2165 nn.
657 2108 709 2164 unt
729 2123 796 2164 vcro
818 2124 945 2179 unquam
968 2117 1125 2164 execratus
1145 2124 1209 2164 sum
1231 2111 1276 2163 ius
1297 2107 1465 2162 corronicum
1494 2114 1521 2160 et
1545 2107 1661 2176 pontifi·

369 2211 434 2249 cum
457 2196 547 2248 scita?
607 2209 658 2249 or.
682 2192 733 2253 Sed
756 2210 811 2265 quo
834 2199 924 2249 tamen
947 2193 1101 2249 honestatis
1124 2186 1257 2266 prulertu
1273 2209 1328 2248 non
1344 2191 1497 2247 execraris?
1521 2207 1574 2263 qua
1596 2207 1661 2246 con-

369 2279 502 2334 scientia?
526 2295 577 2352 qua
600 2279 719 2351 pictate?
743 2294 795 2350 qua
819 2278 885 2334 hde‘l
918 2278 980 2333 Tam
1003 2277 1055 2332 levi
1078 2285 1217 2333 momente
1239 2277 1339 2332 Christi
1362 2277 1389 2331 iu
1414 2284 1439 2330 te
1462 2275 1527 2335 lides
1550 2275 1660 2336 residet,

369 2363 412 2418 vel
435 2363 502 2418 adeo
527 2362 666 2418 obstinare
688 2362 826 2417 decretura
849 2370 892 2417 est
915 2362 977 2424 tibi,
1001 2371 1031 2418 ut
1054 2363 1077 2417 si
1100 2364 1181 2417 etiam
1203 2362 1236 2417 de
1259 2361 1399 2434 evangelio
1414 2361 1543 2416 decedere
1559 2359 1661 2432 aliquid

370 2447 523 2520 oportebit,
557 2446 630 2503 aliud
654 2455 743 2502 tamen
766 2447 854 2503 lacere
877 2446 966 2502 nolis‘t
1001 2450 1042 2502 Aa
1071 2454 1190 2502 mentem
1217 2464 1272 2502 non
1304 2446 1387 2501 habes
1409 2453 1438 2500 et
1460 2444 1573 2500 oculos?
1606 2461 1660 2499 non

333 2532 445 2586 resides
468 2548 547 2604 quam
571 2531 649 2587 loealis
672 2530 826 2587 nominibus
849 2531 968 2605 appellet
990 2533 1140 2606 scriptura,
1169 2549 1249 2605 quam
1271 2531 1372 2605 passim
1394 2528 1516 2589 exibilat,
1540 2528 1662 2602 explodit

370 2624 399 2672 et
414 2617 581 2677 detestatur,
606 2634 687 2690 quam
702 2614 818 2672 sollicite
834 2626 942 2678 monet,
965 2625 996 2672 ut
1011 2617 1084 2672 velut
1100 2625 1204 2690 pestem
1218 2618 1367 2672 devitemus
1383 2623 1410 2670 et
1424 2631 1579 2675 caveamus,
1598 2614 1661 2669 durn

369 2709 447 2756 vocat
470 2699 614 2773 argentum
636 2718 743 2756 versum
766 2700 792 2756 iu
816 2701 945 2763 scoriam,
968 2701 1077 2758 calicem
1101 2701 1154 2756 vini
1176 2701 1277 2757 luroris
1298 2701 1414 2761 demini,
1439 2700 1527 2754 vinum
1549 2699 1661 2754 mixtum

369 2802 457 2857 aqua,
480 2786 570 2841 vinum
585 2786 773 2841 damnatorum
790 2785 816 2841 in
831 2786 913 2842 domo
929 2787 972 2842 dei
987 2787 1089 2847 nostri,
1113 2804 1210 2859 aquam
1226 2785 1359 2841 turbidam
1375 2784 1507 2857 Aegypti,
1529 2784 1661 2839 cisternas

369 2869 515 2944 dissipatas
538 2870 596 2925 sine
618 2887 703 2943 aqua,
734 2869 802 2926 telas
824 2887 1000 2932 araneorum,
1030 2889 1078 2927 ova
1101 2872 1238 2944 aspidum,
1265 2869 1466 2943 coloquintidas
1496 2869 1660 2927 mortiferus.

334 2953 476 3027 rapaleas.
494 2953 639 3028 stipulam,
657 2955 772 3016 irenam,
789 2954 967 3018 fermentum,
983 2956 1227 3016 abominationem,
1250 2963 1356 3011 stercus
1373 2963 1400 3009 et
1415 2953 1528 3026 laqueos
1543 2951 1661 3008 diaboli?

435 3033 533 3114 [itit]
578 3055 627 3095 uu.
657 3038 732 3106 Quia
757 3042 794 3095 sit
816 3042 981 3111 pontificem
1010 3043 1040 3095 in
1068 3043 1197 3096 ordinent
1226 3042 1370 3110 redigere,
1402 3055 1459 3093 nou
1494 3041 1566 3093 satis
1593 3039 1660 3093 scio.

346 3133 349 3140 '
371 3140 421 3180 or.
446 3122 590 3185 Existimo,
615 3124 637 3179 si
661 3140 732 3180 nunc
754 3125 855 3180 viveret
870 3125 1019 3185 lluttenns,
1043 3125 1095 3181 hoe
1113 3125 1296 3198 responderet
1318 3124 1450 3179 sortasse:
1476 3122 1569 3178 videor
1589 3122 1661 3177 enim

370 3224 442 3264 nunc
464 3207 543 3279 illius
560 3209 640 3264 verba
663 3209 728 3264 mihi
751 3209 843 3264 andire
861 3218 894 3271 et
916 3210 1043 3283 spiritum
1065 3208 1180 3286 hahere:
1205 3208 1241 3263 ‘Si
1264 3207 1398 3264 exaltatus
1421 3206 1505 3262 luerit
1526 3216 1555 3263 ut
1570 3205 1661 3280 aquila

369 3301 397 3348 et
420 3292 493 3347 inter
514 3292 602 3348 sidera
624 3293 748 3367 posuerit
771 3293 863 3349 nidum
886 3312 978 3355 suum.
1013 3303 1043 3350 ut
1071 3312 1120 3366 per
1148 3293 1259 3350 verbum
1286 3291 1388 3347 domini
1418 3291 1478 3346 inde
1505 3291 1661 3346 deiiciarnus

335 3389 436 3433 tecum
459 3377 691 3453 praediceruusqne
713 3378 929 3434 abominationes
953 3379 1038 3452 ipsius
1061 3378 1217 3452 nephandas
1243 3385 1271 3433 et
1293 3376 1425 3449 pessimas
1448 3374 1574 3430 omnihus
1596 3391 1686 3446 gen·-

370 3461 459 3524 tihus,
494 3469 521 3516 et
545 3462 673 3519 iaciamus
696 3462 900 3519 obsecrationes
922 3466 955 3518 ad
983 3464 1122 3519 dominum
1145 3463 1231 3518 lesum
1254 3461 1404 3520 Christum,
1439 3459 1486 3532 qui
1515 3467 1558 3514 est
1579 3466 1661 3531 caput

368 3545 490 3603 ecelesiae
513 3563 574 3619 quae
597 3555 639 3602 est
661 3564 761 3622 corpus
784 3546 873 3610 illius,
904 3557 934 3604 ut
955 3549 1081 3605 conliciat
1103 3565 1164 3603 eum
1187 3563 1310 3622 spumam
1333 3545 1389 3600 oris
1412 3544 1468 3604 sui,
1498 3543 1661 3616 deiiciatque

368 3648 401 3687 ex
417 3631 514 3691 astris,
538 3630 584 3685 ubi
600 3630 726 3688 exaltavit
749 3632 847 3689 solium
871 3650 964 3695 suum,
986 3635 1020 3690 de
1043 3641 1136 3689 inante
1159 3632 1327 3692 testamenti.
1351 3629 1531 3701 detrahatque
1554 3628 1582 3681 iu
1597 3644 1661 3700 pro·

370 3716 484 3771 landum
507 3715 572 3777 laci.
596 3724 623 3771 et
646 3717 727 3773 faciat
750 3716 913 3792 babylonem
937 3718 1023 3779 illam,
1049 3720 1073 3774 id
1096 3726 1139 3776 est
1161 3717 1234 3775 illam
1257 3719 1341 3773 leecm
1364 3713 1485 3770 ultimam
1508 3713 1662 3768 curtisano·

334 3813 445 3863 aarum,
480 3800 551 3856 sicut
572 3801 706 3857 subvertit
727 3802 854 3859 deminus
878 3804 1020 3860 Sodomam
1049 3813 1076 3860 ct
1100 3804 1272 3865 Gomorram,
1307 3809 1338 3857 ιιι
1366 3798 1456 3855 salvus
1483 3797 1520 3853 sit
1547 3796 1661 3871 spiritus

370 3901 467 3941 eorum
489 3884 517 3940 iu
539 3885 582 3941 die
605 3886 704 3943 iudicii.
749 3886 814 3942 Nanr
837 3887 888 3944 iste
911 3898 953 3944 est
974 3891 1015 3944 vir
1038 3889 1083 3963 qui
1107 3888 1280 3945 conturbavit
1308 3895 1423 3946 terram,
1453 3883 1500 3958 qui
1521 3881 1662 3939 concussit

370 3986 467 4042 regua,
501 3969 547 4042 qui
576 3971 669 4044 posuit
698 3970 792 4027 orbern
822 3973 974 4035 desertum,
1008 3975 1054 4048 qui
1079 3974 1177 4031 oceidit
1199 3975 1301 4030 animas
1324 3987 1384 4045 qum
1412 3986 1467 4026 non
1496 3969 1661 4029 moriuntur,

370 4055 416 4128 qui
439 4062 470 4109 ιιι
492 4069 591 4129 auceps
614 4065 764 4130 aucupatus
787 4065 830 4112 est
858 4059 996 4130 preciosas
1025 4060 1142 4121 animas,
1177 4077 1228 4132 pro
1256 4057 1355 4132 quibus
1384 4055 1507 4111 Christus
1537 4060 1661 4109 mortuus

369 4145 426 4199 est.
450 4138 496 4212 qui
519 4139 595 4211 virga
617 4158 665 4196 sua
687 4141 783 4198 cecidit
805 4142 923 4216 populos
947 4145 973 4199 in
996 4144 1104 4206 lurore,
1127 4144 1208 4218 plaga
1230 4141 1386 4202 insanabili,
1409 4141 1580 4196 anathemate
1601 4155 1662 4193 cru-

335 4222 528 4279 todelissimo’.
566 4224 622 4280 lloc
644 4226 714 4299 apud
738 4225 884 4282 lluttenunr
908 4236 936 4284 ct
958 4227 1061 4284 Esaiam
1083 4229 1246 4302 prophetam
1269 4228 1368 4285 luisset
1390 4226 1418 4280 iu
1441 4225 1563 4281 ordinem
1591 4223 1662 4278 redi-

369 4325 434 4381 gere
457 4308 621 4381 pontificem.
655 4309 688 4365 Et
709 4311 769 4366 dico
792 4311 840 4366 tibi
866 4312 978 4368 ‘securis
1001 4313 1033 4368 ad
1056 4314 1172 4369 radicem
1196 4314 1246 4368 iam
1269 4312 1359 4386 posita
1381 4318 1432 4365 est.
1468 4310 1595 4365 dominus
1617 4325 1662 4363 ex·

369 4392 504 4448 ercituum
519 4393 646 4455 decrerit.
669 4403 697 4451 et
720 4395 782 4468 quis
804 4396 907 4469 poterit
929 4396 1083 4452 intirmarc?
1107 4406 1135 4453 et
1150 4414 1246 4453 marrus
1260 4397 1319 4451 eius
1335 4402 1458 4454 extenta,
1482 4394 1543 4467 quis
1558 4401 1663 4449 avertet

369 4478 446 4533 earu?
468 4477 595 4534 dominus
617 4479 684 4534 deus
707 4479 815 4536 locutus
838 4489 893 4542 est,
918 4482 979 4554 quis
1002 4498 1056 4536 non
1080 4481 1282 4555 prophetabit?

383 4578 391 4590 ‘
435 4557 534 4638 [suo]
579 4579 629 4619 ue.
654 4564 799 4620 Huttenus
821 4567 971 4621 maledicit
990 4568 1135 4636 pontifici,
1165 4581 1218 4620 nec
1240 4567 1327 4621 ultam
1350 4579 1476 4620 muscam
1499 4562 1662 4618 Romanen-

333 4655 428 4702 ttsem
451 4648 532 4701 terit.
600 4665 651 4704 or.
674 4648 774 4705 Eorum
796 4648 889 4705 urbem
914 4650 1020 4724 quidem
1043 4667 1098 4705 uon
1121 4650 1247 4712 exscidit,
1271 4666 1325 4706 non
1348 4648 1462 4703 vastavit
1489 4646 1611 4703 colonias
1633 4655 1661 4702 et

369 4731 573 4804 possessiones,
597 4733 644 4788 sed
667 4751 715 4790 uec
738 4750 856 4807 unquam
879 4734 986 4790 volebat
1008 4743 1128 4791 vastare:
1154 4733 1278 4791 clamavit
1300 4741 1389 4789 autem
1412 4732 1539 4788 audacter
1561 4733 1660 4805 impios

369 4823 397 4871 et
419 4814 605 4873 Antichristos
628 4835 688 4873 csse
710 4827 738 4874 et
760 4826 864 4893 pestem
887 4819 1043 4893 reipublicae
1065 4819 1226 4876 Christianae
1248 4837 1322 4882 esse;
1345 4817 1469 4874 clamavit
1491 4825 1518 4873 ct
1535 4816 1611 4877 eicit,
1635 4823 1663 4872 et

370 4915 442 4957 nune
463 4900 608 4957 deiunctus
629 4901 727 4960 clamat
749 4912 777 4960 et
800 4904 957 4977 triumphat.

436 5029 615 5097 ⁸profau.3.
651 5032 830 5086 ‘strenneah
867 5034 1058 5102 'suspiciod
1094 5038 1209 5108 lpretia
1224 5043 1249 5089 3.
1284 5037 1503 5089 ³⁰nctandasa.
1539 5036 1561 5068 ³⁰
1580 5036 1661 5086 creci-

369 5115 411 5166 att
430 5117 456 5166 3.
497 5114 676 5169 “excidit-l.
