4367 6084
441 431 535 486 'DA
549 432 599 485 lu
613 431 696 485 VOL.
711 432 732 485 1.
757 428 926 485 Lxxxmt
939 446 1083 484 :errrore
1096 446 1133 484 Ao
1147 445 1241 484 roscu.
1256 445 1290 483 mr
1305 445 1424 483 nuncu.
1443 448 1469 482 n.
1485 439 1543 483 latu.
1580 415 1654 489 479

555 610 680 671 -φιοιιῑοε1
704 603 739 654 ad
762 603 934 654 Ioachimum
956 604 1129 654 Meltzauum
1156 602 1231 652 deire
1254 602 1358 653 littere
1382 602 1479 653 itidem
1503 619 1536 653 cx
1560 603 1656 653 archio

592 690 670 753 riptae
688 689 904 754 precedentium
925 689 1004 752 quusi
1023 688 1241 737 conmentarium
1265 692 1410 750 praestent,
1434 687 1542 737 Llsebii
1562 693 1655 736 eutem

620 790 640 819 ts
659 788 739 838 qnam
759 779 879 822 merctur
896 771 1027 838 vulgatus
1045 773 1096 832 sit,
1115 786 1170 820 non
1188 787 1232 820 me
1251 773 1380 821 contineo
1399 771 1435 820 ab
1454 771 1563 820 illarum
1576 788 1654 836 repo·

649 859 719 907 ¹dom
737 858 771 906 de
791 859 884 923 gratie
903 872 996 906 eorum
1014 857 1061 920 qui
1079 857 1198 905 Huttcui
1222 872 1335 920 operum
1360 856 1478 905 studiosi
1501 861 1578 917 sunt,
1603 856 1653 904 scd

688 943 712 989 ri
736 943 876 1007 ingreium
900 958 944 991 mc
969 937 1063 991 le'cerc
1088 942 1134 1005 qui
1158 941 1192 989 de
1216 940 1358 1011 loecbimo
1376 940 1518 989 Meltzuuo
1541 941 1654 1006 egregie

860 1179 885 1238 1.
910 1175 1156 1258 [Liscb.n.194.]
1270 1225 1272 1231 .
1343 1173 1635 1241 [t.?]rnnu.[r.1.·im,l

842 1329 1058 1408 [lbfflctscvs
1080 1327 1170 1407 libb]

874 1466 1386 1524 &mmmmmmm

908 1553 989 1614 imus.
1013 1560 1145 1625 quantum
1166 1552 1262 1614 studii,
1286 1550 1388 1607 laboris
1409 1571 1553 1627 opereque
1576 1572 1654 1611 uara·

943 1683 947 1691 .
971 1636 1090 1692 utilitate
1112 1645 1139 1691 ct
1161 1636 1247 1708 gloria
1268 1646 1362 1692 nostra
1384 1638 1415 1692 ad
1439 1637 1529 1694 laetum
1553 1639 1653 1695 exitum

962 1720 1073 1776 nultum
1095 1721 1191 1793 gratie
1214 1729 1314 1778 uostrae
1345 1730 1371 1776 tc
1394 1723 1572 1794 promeritum
1594 1741 1653 1779 esse

999 1824 1058 1859 uem
1080 1823 1137 1861 rem
1165 1823 1260 1877 magna
1287 1806 1448 1862 dexteritate
1471 1816 1498 1862 et
1522 1808 1654 1863 industria

1025 1913 1028 1923 ·
1058 1908 1162 1950 cesses,
1195 1891 1283 1962 quoad
1310 1891 1430 1963 perlecta
1454 1892 1544 1946 suerit.
1589 1893 1653 1947 llum

1061 1996 1066 2017 r
1084 1974 1232 2047 principem
1249 1984 1275 2030 te
1291 1992 1400 2046 operam
1417 1976 1589 2049 studiumque
1606 1976 1654 2031 iru-

1093 2067 1229 2113 merentes
1250 2058 1401 2113 liberaliter
1422 2077 1596 2115 renumerare
1626 2069 1654 2115 et

1117 2160 1147 2196 re
1175 2143 1206 2197 ad
1230 2151 1290 2197 tuas
1319 2142 1434 2206 literam.⁴
1459 2145 1528 2200 scies
1551 2162 1584 2201 ex
1606 2162 1655 2200 uo·

1064 2228 1189 2289 rarisiis,
1210 2227 1348 2282 Februarii
1371 2228 1423 2283 die.

919 2330 1100 2386 ⁴raucoys.
1146 2316 1151 2322 '

1430 2397 1569 2455 Robertet.

673 2484 764 2551 pum}
787 2480 871 2537 Fideli
892 2489 920 2536 ot
941 2499 1005 2536 earo
1024 2481 1109 2536 nobili
1133 2490 1228 2537 nostro

841 2566 975 2622 loaclrimo
996 2566 1029 2620 de
1048 2566 1174 2622 lloltzan.

378 2915 511 2949 renisus·
853 2899 881 2959 2.
907 2897 1015 2978 [lisele.
1035 2921 1063 2958 n.
1081 2897 1156 2979 195]
1351 2898 1655 2980 ΜΛΝ-

360 2968 529 2977 -.—-—-

821 3050 1000 3132 [mromvs
1022 3053 1061 3108 bu
1082 3054 1192 3110 inmo

326 3168 352 3208 e
775 3150 958 3202 roecuuro
978 3151 1027 3200 uu
1045 3148 1241 3215 nourrius

446 3275 590 3330 Carissime
610 3282 637 3328 et
659 3273 834 3330 dilectissime
859 3273 942 3328 amico
969 3281 1071 3328 noster.
1115 3274 1276 3348 Accepimus
1299 3274 1405 3330 litteras
1435 3282 1510 3337 tuas,
1540 3295 1653 3350 quarum

361 3370 485 3416 tenorem
507 3367 535 3414 ct
558 3366 690 3432 preterea
713 3359 832 3432 ipsarum
859 3376 926 3430 quas
948 3358 979 3412 ad
1001 3358 1258 3413 christianissimum
1281 3359 1381 3431 Regem
1404 3360 1520 3422 derlisti,
1544 3364 1653 3434 penitus

359 3444 553 3501 declaravimus
577 3443 662 3498 eidem
683 3442 910 3499 christianissimo
931 3442 1012 3515 Regi,
1037 3441 1230 3497 illustrissime
1251 3444 1329 3499 rnatri
1352 3443 1410 3498 eius
1430 3453 1457 3500 et
1479 3463 1577 3519 magno
1600 3465 1654 3502 ma·

360 3530 465 3602 gistro‚
489 3536 572 3602 prout
593 3527 762 3601 postulabas.
790 3528 848 3582 ·rir
869 3526 981 3582 credere
1005 3544 1115 3600 posses.
1145 3534 1273 3599 quautam
1295 3527 1342 3582 tibi
1364 3529 1479 3601 gratiam
1500 3530 1570 3603 apml
1593 3549 1654 3587 cos·

326 3615 420 3671 aedem
443 3613 491 3669 tibi
510 3612 727 3673 conciliaverint,
750 3611 790 3667 nti
812 3611 927 3672 clarius,
950 3629 1011 3666 curu
1032 3612 1064 3666 ad
1087 3629 1138 3667 nos
1156 3612 1284 3674 redieris,
1307 3630 1397 3668 coram
1422 3614 1567 3687 intelliges.
1612 3616 1654 3672 lu·

359 3698 455 3754 cumbe
476 3714 545 3769 rogo
566 3698 593 3752 iu
615 3713 674 3751 eam
697 3713 766 3757 rem.
789 3713 869 3768 quam
892 3697 1015 3769 coepisti,
1040 3696 1201 3769 diligenter,
1225 3705 1253 3752 et
1274 3715 1326 3770 qua
1347 3697 1447 3753 solitus
1469 3717 1498 3755 cs
1519 3700 1653 3762 industria

359 3783 501 3837 :relictum
525 3781 625 3836 exitum
648 3781 796 3854 perducere
818 3798 891 3837 cura.
935 3780 1076 3854 Nunquam
1100 3780 1189 3853 (crede
1210 3781 1286 3853 mibi)
1309 3782 1405 3838 melius
1429 3802 1498 3857 opus
1520 3786 1653 3857 agendum

360 3866 479 3922 habuisti
500 3874 528 3920 et
551 3865 622 3920 uude
647 3873 751 3920 tautum
773 3865 905 3921 mercedis
926 3872 953 3919 et
976 3866 1080 3938 premii
1108 3883 1266 3939 comparare
1295 3867 1417 3922 deberes.
1462 3869 1581 3932 lutoroa,
1610 3887 1654 3926 ca-

360 3951 467 4006 rissime
487 3950 571 4006 amice
594 3957 704 4012 noster,
727 3947 845 4005 feliciter
866 3947 931 4002 vulo.
976 3949 1103 4010 Parisiis,
1125 3950 1169 4004 dic
1192 3967 1263 4005 nona
1285 3950 1434 4006 Februarii.

326 4045 352 4086 ss
991 4033 1129 4107 'l'auquam
1152 4033 1286 4088 scateret
1312 4036 1413 4090 amicus
1438 4035 1569 4093 iutbimus

1190 4117 1220 4171 ll.
1241 4117 1366 4191 bcprato.

360 4234 563 4244 --—-—-—-—-

429 4334 451 4368 ¹⁰
468 4349 607 4400 opereque
626 4333 658 4384 h.
713 4331 733 4365 ¹¹
752 4331 838 4383 letum
857 4332 889 4382 L.
943 4328 964 4365 ¹¹
982 4332 1074 4397 gretie
1094 4336 1187 4382 nostre
1207 4331 1239 4381 b.
1298 4331 1319 4366 ¹¹
1339 4333 1439 4398 cepisti
1458 4333 1490 4383 L.
1561 4333 1583 4368 ¹¹
1600 4337 1653 4386 Re-

358 4436 423 4486 gum
442 4419 588 4470 multorum
606 4433 661 4467 uon
679 4419 756 4481 regio
775 4433 849 4467 more
862 4417 1043 4466 Franciecum
1062 4431 1169 4482 qnoque
1188 4416 1367 4481 pecuniarum
1387 4417 1421 4466 ed
1440 4420 1654 4483 corrumpendos

357 4501 606 4567 suborneudosque
624 4502 748 4552 hominos
771 4501 954 4565 profusiorem
978 4516 1059 4565 quam
1082 4501 1117 4549 ad
1141 4500 1279 4550 beneficia
1303 4503 1430 4566 prestita
1452 4504 1654 4554 remunerando

357 4589 447 4638 fuisse
467 4590 587 4636 constet.
646 4581 979 4648 ¹⁸tuis]ricedr'tmnert.
1005 4585 1178 4634 nuclerius?
1246 4583 1304 4649 die]
1321 4603 1371 4634 nun
1389 4588 1489 4635 adiecto
1508 4603 1618 4638 nrunero.

427 4670 450 4704 ¹¹
468 4670 655 4721 illustrissime
674 4671 706 4719 L.
758 4667 781 4701 ¹¹
800 4668 962 4732 postulabus
980 4668 1012 4720 b.
1064 4667 1085 4700 ¹¹
1106 4669 1207 4734 cepisti
1225 4668 1258 4719 h.
1310 4668 1333 4701 ⁸³
1351 4672 1450 4735 premii
1468 4672 1501 4721 h.
