4367 6084
358 722 534 800 annuunt
553 721 602 770 nt)
622 719 704 800 VQL.
717 720 739 769 1.
770 715 940 768 Lxxxt11*.
960 733 1103 768 arisroanr
1116 733 1153 767 ao
1166 732 1261 767 roten.
1275 732 1310 766 on
1325 732 1445 767 vanata.
1459 732 1484 766 ι.
1500 727 1559 768 tato.
1580 704 1654 774 483

359 893 458 969 quibus
481 893 546 949 visis
568 894 649 949 michi
672 892 837 967 provinciam
861 890 909 946 tibi
933 890 1115 965 respondendi
1139 889 1263 946 iniunxit·
1307 888 1340 945 Et
1362 890 1486 964 inprimis
1510 892 1654 949 immensas

358 980 443 1034 rolert
469 978 572 1051 gratias
601 977 786 1033 illustrissimo
816 975 1008 1047 Brandiburgi,
1041 975 1245 1046 consanguineo
1274 991 1324 1030 suo
1352 975 1508 1038 carissimo,
1541 977 1574 1032 de
1606 977 1653 1032 illo

361 1063 502 1124 benivolo,
538 1080 617 1135 quem
641 1080 705 1134 erga
729 1079 758 1116 se
780 1060 876 1122 babet,
910 1060 1014 1122 animo,
1048 1067 1075 1114 et
1099 1057 1347 1132 quamplurimum
1378 1068 1468 1132 optat,
1502 1070 1533 1116 ut
1562 1063 1583 1117 si
1614 1063 1653 1118 rei

361 1147 535 1221 oportunitas
559 1165 588 1203 se
612 1146 757 1209 obtulerit,
781 1144 897 1219 experiri
920 1143 1027 1199 valebit.
1072 1143 1271 1198 Matrimonium
1295 1160 1358 1198 vcro
1383 1145 1552 1200 tractandum
1574 1188 1652 1201 ...

336 1245 348 1280 a
361 1272 820 1286 ....................
843 1230 879 1284 lle
902 1228 1033 1303 pensione
1056 1245 1136 1289 vero,
1160 1245 1194 1282 nc
1216 1227 1261 1283 alii
1284 1228 1420 1302 principes
1443 1231 1565 1302 germani
1581 1232 1653 1286 eins-

357 1318 416 1372 dem
440 1323 542 1378 status,
572 1316 649 1371 cuius
672 1323 714 1371 est
736 1316 859 1388 prelatus
882 1312 1084 1368 illustrissimus
1113 1312 1246 1373 marchio,
1281 1311 1380 1385 quibus
1410 1313 1652 1385 christianissimus

358 1401 413 1456 ller
436 1402 583 1474 pensiones
606 1399 897 1471 arrnuatimlargitur,
933 1414 1006 1470 aegre
1028 1404 1057 1452 et
1079 1396 1192 1452 molesto
1217 1397 1319 1458 lerant,
1354 1397 1376 1453 si
1406 1396 1460 1454 illis
1492 1399 1651 1463 innotuerit,

358 1503 387 1540 se
410 1485 480 1558 apud
503 1502 595 1557 regem
619 1493 743 1539 nostrum
767 1501 827 1539 esse
849 1481 994 1547 deterioris
1016 1480 1196 1543 conditionis,
1230 1487 1309 1554 quam
1332 1473 1421 1537 dictus
1451 1482 1652 1540 illustrissimus

358 1566 492 1630 marcbiu,
523 1569 765 1624 christianissimus
794 1585 840 1623 rer
870 1565 1016 1640 quotannis
1039 1565 1199 1639 pensionem
1227 1564 1342 1621 similem
1372 1566 1425 1627 illi,
1460 1586 1540 1641 quam
1573 1569 1652 1624 dictis

295 1704 299 1712 .
328 1668 350 1706 ιο
361 1652 531 1727 principibus
553 1654 690 1726 germanis
713 1654 809 1713 donat,
833 1660 958 1725 quaeest
981 1657 1044 1706 octo
1067 1648 1170 1704 milium
1193 1649 1323 1706 librarum
1347 1650 1559 1715 Turonensium,
1582 1654 1652 1709 elar·
1739 1672 1743 1680 ’

357 1738 456 1810 gietur.
500 1737 645 1794 Contracto
667 1754 731 1793 vero
755 1736 927 1792 matrimonio
950 1734 985 1790 ob
1009 1733 1082 1789 illius
1105 1742 1212 1790 causant
1235 1735 1364 1790 maiorem
1395 1735 1544 1808 elargiendi
1573 1738 1652 1794 obca-

357 1822 462 1877 sionem
484 1822 627 1877 honestam
650 1822 739 1877 babet.
777 1821 870 1888 Quoad
893 1838 956 1876 vero
972 1819 1116 1892 negocium
1132 1818 1322 1892 principaliter
1337 1820 1384 1875 tibi
1404 1821 1567 1884 iniunctum,
1590 1840 1651 1879 cum

357 1905 474 1962 anobis
495 1906 665 1968 discederes,
695 1905 797 1979 placuit
825 1898 987 1978 responsum
1018 1904 1156 1959 iamdicti
1181 1902 1359 1959 illustrissimi
1383 1906 1547 1962 marchionis
1571 1925 1650 1980 quam
1746 1974 1749 1980 Δ

357 1989 503 2064 plurimum
527 1991 585 2063 regi
609 1999 719 2060 nostro,
742 1990 789 2045 sed
812 1989 915 2051 videas,
944 1988 1006 2063 quid
1031 1988 1092 2043 fidei
1116 1996 1144 2067 οξ
1165 1988 1320 2044 securitatis
1343 1989 1395 2045 boc
1418 1990 1444 2045 in
1467 1991 1582 2063 negocio
1605 1992 1651 2048 ba·

325 2073 490 2130 rabebimus.
535 2074 636 2131 idcirco
659 2091 742 2148 super
764 2074 890 2130 omnibus
911 2073 1063 2147 predictis,
1086 2073 1109 2127 si
1134 2067 1184 2127 iam
1206 2073 1279 2128 dicto
1301 2072 1485 2132 illustrissimo
1501 2077 1650 2133 marchioni

358 2158 505 2232 placuerit,
542 2167 569 2214 et
592 2160 619 2214 in
642 2160 771 2233 primaevo
794 2158 1009 2232 perseveraverit
1031 2156 1191 2231 proposito,
1225 2157 1267 2214 lac
1295 2165 1326 2212 ut
1354 2176 1424 2214 ursus
1453 2177 1483 2214 ex
1512 2161 1568 2216 suis
1597 2177 1650 2217 uua

359 2251 447 2300 tecum
469 2261 531 2299 curn
554 2243 633 2299 bouis
655 2242 858 2299 memorialibus
879 2251 907 2298 et
929 2242 1100 2316 proprietate
1122 2241 1267 2297 sufficienti
1290 2243 1322 2297 ad
1344 2243 1446 2299 curiam
1468 2253 1589 2301 nostram
1605 2246 1651 2301 de·

358 2329 490 2390 stinctur,
513 2337 542 2384 et
563 2336 700 2384 annuente
715 2328 823 2383 Cbristo
847 2345 922 2402 spem
945 2327 1123 2382 certissimam
1148 2325 1248 2388 babeo,
1272 2327 1345 2400 quod
1368 2345 1451 2401 super
1477 2330 1599 2402 praelatis
1622 2338 1650 2386 et

358 2412 418 2468 aliis
441 2413 587 2468 utilitatem
610 2413 753 2486 utriusque
775 2413 906 2486 principis
928 2411 1157 2468 concernentibus
1179 2410 1310 2466 nonnulla
1333 2412 1523 2469 tractabuntur
1543 2423 1570 2470 et
1585 2432 1650 2470 con·

293 2561 298 2572 ⁸
323 2496 519 2559 recludentur,
543 2515 603 2570 quar
627 2497 654 2552 in
677 2497 810 2552 bonorem
832 2505 860 2552 et
882 2513 935 2551 non
960 2496 1091 2552 modicam
1114 2495 1307 2552 exaltacionem
1330 2513 1424 2552 eorum
1447 2499 1552 2555 cedent.
1576 2498 1648 2562 Vale,

358 2590 386 2636 et
408 2600 450 2637 me
472 2590 504 2637 ut
526 2582 599 2638 soles
621 2600 689 2638 anta.
721 2582 845 2644 Parisiis,
868 2581 912 2636 die
934 2581 1009 2636 lllll'.
1032 2580 1134 2637 mensis
1156 2580 1267 2654 Aprilis.
1348 2572 1350 2574 ⁵

907 2665 981 2722 Tuus
1005 2673 1132 2739 tanquam
1155 2666 1240 2720 irater
1261 2673 1289 2721 et
1312 2665 1441 2723 inthimus
1463 2668 1565 2724 avuicus

1153 2751 1182 2806 ll.
1204 2750 1329 2824 lleprato.

424 2932 516 2996 'sort
539 2932 692 2983 marchioni
719 2939 778 2983 onte
804 2932 935 2982 Brandib.
958 2934 1064 2982 eccidit.
1146 2929 1324 2982 ⁴Omisimus
1348 2932 1381 2982 de
1409 2934 1648 3006 matrimoniodo·

358 3033 428 3066 cum.
498 3017 592 3083 ⁷egre
611 3018 644 3067 L.
712 3013 832 3082 ⁹quum]
852 3031 932 3080 quem
949 3017 983 3065 L.
1053 3013 1075 3047 ¹⁰
1093 3030 1145 3079 que
1164 3017 1197 3064 L.
1265 3016 1396 3066 librorum
1413 3018 1447 3067 t.
1516 3016 1538 3051 ¹¹
1556 3026 1649 3086 negot.

356 3102 473 3166 princip.
497 3098 558 3165 ini]
585 3102 616 3151 Id
643 3117 697 3151 non
720 3102 807 3150 luisse
831 3101 951 3169 videtur,
981 3104 1012 3148 ut
1035 3098 1172 3149 electores
1199 3101 1380 3152 Franciscnm
1408 3108 1537 3152 crearent
1564 3105 1648 3170 impe·

356 3191 490 3248 retorem,
520 3202 583 3235 nam
610 3184 774 3235 (1.28,1ιιιι.
799 3200 824 3233 a.
845 3183 918 3233 1519.
938 3183 1066 3233 Cerolnm
1079 3183 1111 3232 V.
1134 3182 1253 3233 electum
1276 3200 1336 3234 esse
1359 3192 1480 3248 constat,
1508 3189 1649 3240 Moltzano

357 3275 449 3319 autem
473 3270 659 3321 cancellarius
677 3272 720 3320 De
738 3272 823 3320 Proto
848 3268 874 3317 d.
896 3267 1004 3317 demum
1021 3267 1062 3316 21.
1082 3267 1158 3332 Sept.
1184 3283 1209 3316 e.
1231 3267 1304 3317 1519.
1330 3285 1363 3318 ex
1383 3269 1505 3320 ducenis
1535 3274 1650 3337 scripsit

357 3353 454 3416 (toea.
468 3359 484 3404 1.
498 3372 520 3405 c.
531 3373 559 3420 p.
573 3354 643 3418 345.)
662 3355 789 3419 „decepi
807 3353 905 3402 literas
923 3357 1040 3413 vestros,
1060 3367 1161 3417 magno
1180 3352 1289 3416 quidem
1308 3352 1401 3402 dolore
1421 3354 1552 3415 affectus,
1578 3357 1648 3420 quod

355 3439 502 3503 negocium
519 3438 675 3505 principale
694 3445 752 3488 tam
770 3438 842 3488 male
863 3437 973 3488 cecidit.
1010 3437 1069 3486 Rex
1088 3452 1143 3486 non
1162 3442 1204 3486 est
1221 3436 1280 3498 hic,
1305 3438 1377 3487 unde
1400 3437 1511 3488 litteras
1535 3445 1604 3490 tuns
1622 3443 1648 3491 ei

355 3524 557 3573 communicare
576 3539 630 3573 non
647 3525 724 3590 potui
739 3560 745 3572 .
760 3559 766 3572 .
782 3527 806 3573 .'’
824 3522 901 3572 Idem
920 3522 961 3571 De
979 3523 1064 3571 Proto
1077 3520 1246 3571 Moltzanum
1264 3521 1290 3574 d.
1303 3521 1345 3572 31.
1363 3521 1500 3586 l‘ultima’)
1519 3524 1648 3575 Octobris

354 3612 385 3654 ut
402 3609 498 3657 statim
516 3614 702 3658 reverteretur
720 3609 755 3658 od
773 3624 866 3674 regem
879 3606 1033 3657 Galliarum
1052 3612 1160 3656 evocat.
1180 3606 1278 3670 (Lisci.
1291 3611 1307 3656 1.
1320 3626 1342 3657 c.
1354 3624 1382 3672 p.
1396 3606 1466 3670 347.)
1520 3606 1541 3639 ¹⁵
1557 3610 1648 3675 predi·

354 3691 408 3741 etis
426 3693 458 3741 L.
514 3690 535 3724 ¹⁸
552 3693 676 3758 primeuo
694 3694 727 3742 L.
747 3687 889 3758 'primario
904 3693 974 3756 serii
989 3698 1086 3755 ponet.
1135 3690 1155 3723 ¹⁵
1173 3692 1295 3757 pretatis
1310 3693 1342 3744 L.
1395 3691 1418 3723 ¹⁰
1436 3706 1488 3756 que
1506 3693 1540 3742 L.
