4367 6084
489 688 536 760 42
691 701 860 752 ΟΟΧΧΧΝ.
880 716 1003 751 avaram
1016 715 1053 752 ao
1065 716 1199 752 eanonvn
1212 717 1272 752 rur.
1286 717 1328 752 er.
1343 717 1369 752 o.
1383 711 1417 753 aa.
1432 718 1514 754 naar.
1531 710 1590 754 tart.

489 878 601 937 riorem
625 870 867 934 consultationem
890 889 950 931 non
972 872 1144 939 admittunt;
1168 873 1265 951 itaque
1289 880 1317 933 et
1340 875 1486 950 accipiunt
1508 882 1538 933 et
1553 875 1624 934 dant
1638 873 1673 932 ad
1690 870 1786 932 libidi-

492 996 559 1038 nem
575 977 686 1044 omnia,
704 976 732 1034 in
749 975 845 1034 lronte
860 979 1040 1033 ostentantes
1055 975 1102 1052 pie
1118 976 1187 1034 satis
1202 994 1234 1034 se
1249 981 1278 1034 et
1293 974 1444 1053 religiose,
1461 995 1527 1036 cum
1543 978 1573 1036 in
1588 993 1707 1035 secessu
1724 982 1786 1033 tur·

420 1089 479 1138 §.ee
489 1080 628 1158 pitudinis
642 1079 751 1146 lerant,
767 1076 921 1135 dedecoris
936 1094 970 1134 ac
985 1074 1106 1135 sceleris
1120 1076 1237 1137 abunde
1252 1077 1330 1135 satis.
1361 1077 1474 1148 Quibus
1489 1085 1586 1138 tamen
1602 1079 1625 1136 si
1641 1076 1711 1136 boni
1728 1075 1787 1133 sint

423 1228 425 1232 .
491 1189 518 1241 et
534 1180 635 1259 quales
650 1197 714 1239 csso
736 1195 786 1237 eos
807 1177 906 1245 decet,
930 1176 1134 1266 reverentiam
1148 1177 1238 1237 debes
1259 1185 1287 1238 et
1308 1180 1539 1248 venerationem,
1564 1197 1654 1256 regna
1679 1184 1709 1238 et
1730 1178 1807 1234 ian-1

421 1294 479 1345 §.tt
492 1285 572 1362 peria
589 1301 647 1341 non
663 1280 769 1348 debes;
792 1279 816 1338 si
839 1278 970 1345 dederis,
995 1279 1126 1338 ollendes
1149 1298 1184 1339 eo
1207 1279 1285 1357 qnod
1309 1279 1345 1338 ab
1369 1280 1466 1340 officio
1489 1281 1626 1341 deduces
1661 1280 1741 1340 Ecce
1762 1273 1771 1359 Ι
1794 1282 1857 1328 1¹¹

490 1392 589 1445 autem
611 1382 689 1444 aliud
713 1385 802 1441 inest:
831 1397 891 1439 non
915 1379 1027 1439 tenebis
1052 1380 1126 1458 (qnae
1147 1398 1307 1457 permagna
1332 1380 1486 1442 tibinnnc
1509 1389 1603 1441 estet
1626 1400 1732 1460 qnam,
1762 1384 1787 1441 si

490 1490 600 1567 sapias,
631 1487 723 1561 magis
745 1503 779 1542 ac
802 1483 894 1557 inagis
917 1481 1052 1541 excolere
1075 1481 1174 1561 debes]
1200 1483 1368 1543 Germaniae
1391 1485 1530 1562 gratiam,
1559 1485 1614 1543 nisi
1637 1483 1694 1542 bos
1716 1484 1787 1543 aba·

421 1592 590 1654 abalienes.
636 1585 803 1662 Intelligere
825 1584 944 1660 potuisti
966 1590 1109 1661 qrrautum
1132 1590 1230 1643 essent
1251 1585 1359 1660 passim
1388 1584 1550 1656 contristati
1572 1604 1668 1663 nuper
1691 1587 1787 1647 homi·

489 1711 557 1760 nes,
587 1708 654 1749 curn
685 1696 712 1746 te
740 1688 836 1764 prium
859 1686 993 1760 ingressu
1016 1691 1066 1743 tuo
1089 1684 1213 1744 adverso
1235 1684 1339 1745 llbeno
1363 1686 1552 1746 accedentem
1574 1706 1634 1746 non
1658 1689 1728 1747 viris
1751 1689 1787 1748 ad

490 1792 635 1853 bellorum
658 1788 756 1848 munia
780 1787 907 1855 idoneis,
937 1785 987 1844 sed
1016 1784 1130 1864 pileatis
1153 1787 1213 1846 istis
1235 1795 1264 1848 et
1285 1805 1392 1864 magno
1415 1787 1670 1864 sacerdotnlorum
1693 1803 1844 1866 gregato

490 1897 718 1970 circumseptum
747 1890 894 1951 riderent:
927 1906 991 1947 rem
1025 1889 1103 1948 enim
1132 1894 1239 1965 praeter
1266 1906 1348 1965 spem
1377 1907 1489 1968 suaque
1517 1890 1667 1968 indignam
1697 1910 1787 1970 expe-

490 1998 616 2057 ctatione
638 1994 746 2054 intueri
768 2011 799 2052 se
822 1990 979 2069 putabant,
1004 1998 1032 2050 et
1053 1987 1241 2050 obsolescere
1263 1992 1321 2050 iam
1343 1993 1440 2050 statim
1464 1991 1500 2051 ab
1523 1992 1604 2051 initio
1617 1992 1787 2052 Germanici

492 2100 618 2159 nominis
645 2097 753 2156 lamam
782 2092 1015 2153 arbitrabantur:
1046 2091 1103 2150 boe
1132 2091 1227 2151 dolori
1256 2099 1321 2151 erat
1348 2101 1490 2170 quantum
1517 2101 1619 2175 posset
1646 2096 1786 2154 maximo.

422 2211 587 2279 §.teneque
609 2200 648 2258 iia
670 2195 762 2256 multo
785 2202 940 2272 postcom
971 2194 1182 2271 iniquissimam
1206 2192 1343 2252 dleandri
1370 2195 1597 2272 postulationem
1625 2196 1786 2266 audissent,

491 2305 617 2380 impetus
639 2297 738 2359 mnltis
762 2297 814 2357 luit
837 2296 947 2371 audere
970 2294 1078 2372 aliquid
1102 2313 1133 2353 se
1156 2294 1292 2371 dignum,
1316 2302 1345 2355 et
1367 2298 1430 2355 ausi
1446 2296 1569 2379 luissent
1584 2299 1638 2357 nisi
1652 2316 1714 2357 non
1730 2299 1835 2359 dtr-15

424 2404 637 2468 §.aobitassent
659 2403 755 2478 ipsum
777 2407 805 2458 te
829 2399 999 2474 indignitate
1023 2402 1201 2456 commotum
1225 2399 1269 2456 iri.
1316 2398 1414 2483 Quare
1429 2399 1585 2459 ridendum
1601 2392 1653 2458 tibi
1669 2399 1771 2487 maql
1802 2408 1847 2454 xv

490 2508 566 2566 xime
594 2510 637 2564 est
665 2508 694 2563 et
722 2499 885 2578 quidvelis
907 2500 1037 2577 pontifici
1060 2497 1243 2563 llomanoju
1266 2516 1322 2558 nos
1344 2501 1514 2575 permittere
1537 2507 1565 2559 ct
1586 2519 1674 2578 quam
1698 2501 1735 2561 de
1758 2509 1787 2561 te

490 2607 656 2684 opinionem
687 2601 773 2676 rulgo
802 2599 944 2677 praebeas.
990 2600 1160 2660 memineris
1188 2601 1217 2659 in
1246 2601 1310 2678 ipso
1333 2601 1442 2661 instare
1464 2603 1521 2661 iam
1545 2609 1573 2662 te
1594 2620 1698 2662 rerum
1720 2610 1787 2662 tua·

490 2726 555 2767 rum
584 2705 698 2772 limine,
729 2701 766 2760 ob
795 2701 885 2779 idque
912 2700 1034 2760 sollicite
1064 2701 1173 2760 adenra
1205 2720 1271 2779 quae
1300 2703 1380 2761 initia
1408 2703 1473 2770 deS,
1504 2721 1593 2781 quam
1615 2705 1786 2765 futurorum

421 2823 571 2887 §.anspern
595 2806 693 2864 iacias
737 2803 877 2881 Romanis
899 2807 997 2863 autem
1020 2804 1081 2861 istis
1104 2802 1194 2863 debes
1217 2803 1401 2875 intercedere
1424 2812 1455 2865 tn
1479 2823 1537 2882 qno
1565 2807 1662 2865 minus
1685 2808 1716 2865 in
1737 2809 1826 2866 iusao

490 2915 624 2969 nostrum
646 2905 822 2972 concedant,
846 2922 905 2963 non
927 2904 1033 2964 author
1056 2920 1120 2964 esse
1142 2912 1175 2963 ut
1196 2907 1323 2980 graviori
1346 2905 1442 2965 adbuc
1458 2908 1527 2981 iugo
1542 2907 1691 2967 nationem
1707 2908 1788 2968 banc

491 3011 666 3088 opprimant.
704 3006 765 3083 Age
788 3013 886 3065 autem
909 3007 958 3083 qni
980 3012 1010 3064 te
1026 3012 1168 3083 quarrtnm
1185 3008 1213 3064 in
1229 3008 1293 3082 ipso
1309 3007 1362 3066 luit
1376 3006 1413 3066 ab
1430 3009 1553 3084 imperio
1568 3008 1691 3086 repulit,
1717 3016 1792 3070 euni

361 3173 367 3181 ,
421 3120 522 3198 §.natu
544 3112 666 3190 imperio
688 3109 846 3186 praeficies,
876 3109 963 3167 etiam
985 3108 1040 3184 ipsi
1062 3107 1114 3165 tibi
1137 3114 1170 3164 ut
1192 3108 1316 3184 imperet
1343 3106 1510 3168 laenitatem
1539 3108 1640 3169 dabis?
1669 3117 1787 3171 tantum

490 3198 687 3291 ‹ledignitate
709 3216 759 3269 tna
774 3209 868 3279 codes
891 3208 991 3276 alicui,
1015 3207 1124 3268 nedum
1148 3209 1173 3267 ei
1196 3210 1297 3285 quiin
1320 3215 1348 3269 te
1371 3229 1429 3288 quo
1452 3212 1549 3270 animo
1572 3213 1609 3270 sit
1626 3219 1688 3295 imru
1705 3212 1788 3274 clarc

407 3358 410 3362 ι
489 3318 572 3394 prins
594 3314 739 3374 ostendit?
768 3314 867 3390 etqui
891 3313 1037 3388 imperare
1060 3309 1198 3370 omnibns
1220 3310 1324 3379 deboS,
1347 3309 1434 3371 ullius
1455 3318 1484 3372 te
1507 3313 1638 3373 servituti
1660 3314 1825 3377 decore-as

421 3418 552 3482 §.nabisl
574 3416 630 3476 Ubi
653 3414 700 3474 illa
722 3422 790 3475 sum
812 3416 956 3492 promissa
980 3412 1155 3489 eligentibus
1177 3418 1239 3471 turn
1255 3412 1291 3471 ad
1308 3414 1463 3490 imperinm
1479 3421 1507 3473 te
1522 3413 1707 3491 principibus
1723 3434 1787 3475 ma·

490 3520 595 3596 guitice
618 3514 747 3584 obiecta,
778 3516 842 3576 lore
869 3522 902 3575 nt
930 3514 1019 3575 muita
1049 3513 1085 3573 ab
1114 3515 1238 3589 imperio
1267 3514 1404 3573 distracta
1433 3533 1486 3592 per
1515 3522 1544 3575 te
1573 3517 1786 3576 restituantur?

421 3635 480 3684 §.tn
491 3620 622 3680 Tandem
644 3618 800 3693 obligatam
824 3616 988 3676 Germanice
1011 3617 1052 3674 tui
1075 3618 1307 3692 expectationem
1330 3614 1437 3683 libera,
1467 3635 1525 3676 neu
1549 3617 1786 3693 desperationem

491 3721 632 3799 equitatis
654 3720 683 3777 in
706 3724 858 3794 postorum
882 3716 942 3784 lac,
973 3722 1001 3775 et
1023 3722 1052 3774 te
1074 3716 1136 3791 ipse
1159 3734 1196 3774 ne
1219 3716 1336 3787 desere,
1368 3735 1423 3777 nec
1445 3719 1484 3776 sis
1506 3718 1584 3777 ultro
1606 3718 1658 3778 tibi
1681 3739 1787 3781 caussa

451 3831 453 3836 “
489 3820 566 3882 mali.
612 3818 736 3878 Abunde
766 3816 911 3876 malorum
933 3834 950 3875 a
973 3816 1089 3875 lortnna
1118 3817 1222 3891 timere
1250 3817 1355 3887 habes,
1384 3837 1422 3879 ue
1450 3837 1577 3897 provoca
1600 3821 1823 3881 miserrimosoo

371 3992 380 4001 .
421 3925 519 3983 §.asin
542 3929 570 3980 to
593 3938 678 3980 casus
701 3925 729 3978 ct
751 3917 943 3977 calamitatem
966 3916 1043 3976 ultro
1067 3935 1194 3977 accerse.
1240 3918 1369 3988 Qualiter
1397 3938 1499 3980 snmus
1521 3922 1616 3981 allecti
1639 3921 1704 3989 tibi,
1752 3920 1759 4005 Ι
1794 3933 1834 3980 nl

489 4039 608 4082 oramus
630 4027 663 4080 ut
685 4021 866 4079 maiestatem
889 4037 1046 4078 conserves
1068 4021 1097 4105 in
1120 4020 1260 4097 imperio,
1290 4040 1345 4080 noc
1368 4022 1538 4098 dignitatem
1562 4029 1640 4082 tuarn
1664 4025 1786 4084 concul-

489 4123 624 4184 cantibus
644 4129 674 4181 te
697 4120 813 4198 prodas
859 4120 969 4192 Quodsi
992 4121 1087 4180 minus
1110 4125 1315 4200 impetramus,
1340 4130 1436 4182 tamen
1453 4142 1506 4200 per
1521 4123 1643 4184 salutem
1660 4131 1689 4183 te
1705 4132 1787 4185 tuam

490 4226 686 4292 obtestamur,
715 4225 808 4283 nostri
831 4221 934 4282 saltem
957 4224 1136 4291 miserearis,
1166 4226 1274 4284 neuin
1298 4231 1377 4284 tuam
1402 4226 1516 4284 ruinam
1539 4224 1670 4285 abducas
1692 4234 1786 4287 totam

491 4326 577 4387 siurul
600 4327 763 4393 nationem,
792 4332 835 4385 tot
857 4323 1053 4385 nobilissimos
1075 4327 1240 4403 proceres,'
1261 4332 1303 4384 tot
1330 4326 1504 4386 fortissimos
1532 4328 1625 4395 viros,
1655 4344 1821 4405 quorumoa

489 4429 579 4490 debes
601 4427 766 4489 libertatem
790 4444 981 4495 conservare,
1008 4445 1067 4486 non
1097 4429 1267 4486 servitutem
1295 4444 1472 4504 procurare,
1505 4429 1682 4506 gravissimae
1711 4431 1785 4491 obii·

555 4597 696 4651 ³.abundo.
717 4597 785 4659 Quis
803 4602 896 4646 tamon
916 4597 941 4645 3.
975 4594 995 4626 ¹
1012 4595 1127 4645 diducas
1146 4601 1171 4646 2.
1180 4598 1204 4645 d.
1214 4599 1237 4645 6.
1247 4601 1271 4646 7.
1320 4593 1338 4627 ¹¹
1358 4601 1461 4662 praeter
1478 4598 1702 4662 expectationem
1721 4617 1784 4651 sna·

489 4700 541 4750 qne
560 4683 703 4747 indiguam
722 4698 770 4746 spe
789 4683 838 4731 int.
854 4683 880 4729 3.
895 4687 1017 4746 exspect.
1033 4684 1056 4730 o.
1068 4685 1091 4730 7.
1129 4680 1150 4713 ¹²
1169 4679 1214 4746 ab]
1235 4697 1269 4731 ac
1287 4683 1346 4730 edd.
1383 4679 1404 4711 ¹⁴
1423 4682 1579 4731 orrdiissent
1597 4684 1657 4733 Η.
1694 4683 1717 4716 ²¹
1736 4702 1783 4735 arr-

488 4766 633 4832 tem]vero
647 4769 672 4816 3.
717 4763 808 4830 ²²qui]
823 4767 878 4815 Leo
892 4766 926 4813 X.
952 4767 1067 4815 Corotum
1079 4770 1138 4829 irrep.
1152 4769 1345 4830 eltqinoluerot.
1393 4763 1562 4831 ”ipsiomie
1578 4770 1604 4816 3.
1650 4768 1783 4836 ²⁴olieui]

471 4846 574 4900 'alieni
595 4845 683 4913 1.o.j7.
724 4848 745 4880 ²⁷
758 4850 812 4898 obi.
827 4846 896 4913 fore]
911 4850 1003 4911 aedita,
1019 4850 1090 4899 forte
1106 4854 1130 4901 3.
1167 4849 1189 4880 ²⁸
1208 4851 1248 4899 tui
1261 4851 1352 4899 Germ.
1368 4855 1393 4900 3.
1430 4850 1599 4917 neulnecd.
1642 4854 1783 4920 ”lumeni

488 4940 545 4982 tom
565 4938 588 4982 1.
598 4940 654 4984 6.7.
687 4930 755 4985 tr'12.
787 4936 881 4981 tamen
900 4935 925 4981 4.
946 4931 1087 4997 (Scriptum
1102 4937 1184 4998 ficerat
1203 4933 1233 4983 tri
1249 4938 1317 4999 priori
1332 4953 1382 4999 pro
1401 4937 1430 4986 tir
1453 4944 1557 5003 sumpsit
1576 4938 1613 5000 1.)
1677 4938 1700 4971 ⁸⁴
1719 4939 1783 5006 nen]

488 5033 540 5067 nce
561 5020 585 5068 3.
645 5020 766 5070 adducas
786 5015 852 5079 1.3(
867 5016 952 5079 ).6,7.
1005 5017 1027 5048 ³¹
1045 5017 1164 5084 procum]
1185 5019 1331 5070 admittere
1351 5024 1376 5070 3.

1345 5236 1355 5261 Ι
