4367 6084
507 713 706 765 cccxxxm.
727 727 847 764 seouuss
861 727 965 763 sussen
978 726 1121 762 snvsnsvs
1135 725 1309 761 Ascensussss
1323 726 1456 762 ussum.
1556 697 1625 767 291

329 886 370 944 ab
392 888 523 946 instituto
545 891 605 945 tam
626 892 730 946 sancto
750 886 793 944 ad
813 899 876 943 rem
897 885 1156 943 sceleratissimam
1175 882 1342 954 transferri
1354 886 1513 958 potuerim.
1553 892 1588 944 ut
1600 888 1630 944 in

329 989 387 1047 boc
406 995 475 1046 erat
494 991 540 1047 illi
559 989 772 1058 laborandum,
795 992 828 1044 ul
848 986 966 1045 doceret
986 1003 1049 1045 esse
1070 1002 1170 1043 aeram
1193 983 1273 1059 quod
1294 988 1425 1043 assumit.
1468 986 1521 1043 Ibi
1541 988 1631 1047 aebe-

329 1106 415 1148 mens
428 1097 531 1149 orator
544 1091 620 1148 nibil
636 1090 724 1148 babel
744 1089 824 1162 qnod
840 1088 936 1158 dicat,
955 1090 1015 1147 nisi
1029 1086 1160 1160 ‘quidam
1177 1087 1251 1145 mibi
1267 1085 1454 1146 narrarunt'.
1494 1088 1631 1147 Graviter

328 1199 360 1249 et
380 1194 522 1250 atrociter
545 1194 699 1250 exclamat
716 1192 746 1248 in
765 1205 831 1248 eam
850 1191 903 1262 qui
919 1190 1037 1248 deserta
1054 1195 1083 1248 el
1093 1189 1215 1263 prodita
1229 1205 1323 1248 causa
1339 1191 1511 1261 euunqeliea
1526 1196 1630 1250 trans-

309 1309 322 1347 s
328 1294 449 1367 superii
468 1296 511 1352 ad
528 1299 645 1369 partem
665 1293 828 1363 diversum,
853 1294 906 1365 qui
921 1294 1050 1364 pecunia
1070 1296 1231 1365 corruptus
1251 1290 1339 1348 bonos
1361 1293 1452 1361 uiros,
1479 1295 1630 1352 ueritatem

328 1398 547 1468 evanqelieam,
569 1395 732 1453 libertatem
749 1393 901 1468 publicam
918 1395 1038 1453 summis
1058 1393 1169 1450 uiribus
1188 1408 1366 1466 oppuqnare
1386 1396 1525 1468 coperit:
1548 1399 1633 1469 utqui

328 1497 386 1555 boe
406 1498 487 1571 quod
507 1499 643 1569 assumit,
673 1503 726 1553 ant
745 1497 903 1554 conuenire
925 1496 1025 1554 debuit
1048 1497 1125 1553 inter
1146 1509 1213 1567 nas,
1239 1501 1293 1552 aut
1312 1495 1425 1553 idoneis
1446 1500 1629 1569 arpumentis

328 1604 398 1657 erat
418 1599 626 1672 probandum,
656 1599 831 1672 priusquam
861 1599 978 1662 nerriret
992 1598 1036 1655 ad
1053 1598 1118 1655 illos
1148 1613 1215 1655 suos
1244 1596 1370 1668 affectius
1397 1600 1535 1670 tropicos.
1580 1606 1698 1661 lolius.

328 1702 474 1775 epistolis,
497 1707 536 1759 tot
557 1700 675 1772 libellis,
701 1707 740 1757 toi
764 1700 1014 1771 testificationibus
1031 1704 1178 1774 perpetuo
1198 1701 1295 1758 clamo
1318 1716 1364 1757 me
1385 1703 1485 1758 neutri
1501 1701 1632 1773 suenoni

309 1806 407 1861 suello
433 1804 557 1869 inuolai,·
589 1817 668 1874 quar
700 1799 734 1858 id
758 1802 938 1872 statuissem,
970 1803 1077 1860 multas
1106 1801 1202 1860 reddo
1227 1817 1351 1873 euersas,
1384 1808 1412 1860 et
1443 1810 1541 1861 tamen
1571 1820 1629 1862 non

329 1920 430 1963 ornnes
455 1903 598 1979 prodidi‚·
631 1911 718 1976 alque
739 1903 799 1961 bac
820 1904 851 1960 iu
873 1920 907 1960 rc
928 1905 1004 1961 nibil
1022 1919 1067 1960 me
1096 1908 1220 1962 accusat
1244 1917 1311 1960 mea
1338 1905 1518 1962 eureseientia
1546 1906 1632 1979 apud

330 2008 459 2065 iudicem
479 2005 642 2064 Christum:
664 2006 694 2062 in
718 2005 807 2062 inritis
826 2020 928 2062 rerum
951 2004 1134 2075 tumultibus,
1157 2007 1188 2062 in
1211 2007 1302 2063 tantis
1323 2006 1411 2064 etiam
1437 2009 1582 2080 periculis
1602 2014 1631 2066 et

327 2106 426 2179 samse
446 2117 476 2167 el
492 2110 561 2167 aitte
581 2110 624 2166 iia
646 2107 818 2165 moderat-ns
832 2121 895 2164 sum
909 2121 976 2164 mea
991 2108 1128 2177 consilia,
1151 2112 1185 2165 ut
1197 2124 1252 2166 nec
1271 2109 1410 2165 tumuitus
1426 2114 1513 2166 autor
1526 2125 1626 2180 essem,

329 2227 386 2268 nec
406 2225 530 2268 causam
553 2225 621 2281 quie
642 2208 715 2265 milti
735 2223 794 2265 non
814 2207 1000 2281 probabatur
1021 2209 1212 2279 adiurarem,
1238 2225 1293 2296 ricc
1319 2212 1524 2283 eiianpelieam
1547 2213 1628 2269 oeri-

307 2318 421 2370 statem
444 2311 554 2370 alicubi
570 2309 740 2384 proderem.
784 2308 819 2367 Si
835 2309 891 2368 boc
911 2292 1087 2384 indiqnatur
1108 2303 1267 2382 Huttenus,
1293 2311 1374 2384 quod
1393 2326 1451 2369 non
1469 2314 1696 2385 profitearssn.

329 2430 393 2471 unu
413 2428 480 2471 cum
501 2414 566 2486 ipso
583 2412 760 2483 Lutlterum,
782 2413 843 2469 iam
863 2417 936 2484 urite
957 2415 1117 2471 triennium
1139 2412 1172 2469 id
1191 2419 1312 2470 testatus
1343 2429 1408 2472 sum
1436 2416 1467 2472 in
1488 2416 1629 2474 coronide

329 2515 437 2574 addita
455 2516 607 2588 colloquiis
624 2513 832 2585 familiaribus
852 2513 993 2585 Louanii,
1022 2530 1068 2572 me
1092 2514 1130 2573 ab
1154 2531 1192 2572 eu
1210 2514 1346 2586 factione
1367 2496 1578 2576 alienissimum
1600 2525 1630 2576 et

326 2633 391 2675 csse
410 2623 441 2675 et
457 2631 572 2690 semper
591 2614 748 2686 luuram,-
768 2631 822 2674 rece
843 2616 907 2688 ipse
924 2618 1016 2674 solam
1038 2618 1155 2688 absum,
1179 2633 1280 2676 nerum
1304 2619 1414 2676 amieos
1432 2634 1628 2692 quoscumque

325 2721 423 2793 potui,
447 2726 479 2776 ut
498 2719 603 2777 eudem
624 2717 780 2789 facerent,
801 2734 859 2791 pro
880 2732 947 2776 rnen
969 2720 1051 2776 uirili
1070 2735 1134 2777 sum
1158 2719 1377 2778 adbortatuset
1392 2719 1627 2790 adbucudbur-

305 2827 390 2892 olor,
411 2837 466 2879 nec
487 2821 520 2878 id
536 2819 646 2892 facere
667 2820 810 2878 domnam.
856 2818 1027 2878 Factionem
1049 2823 1170 2895 appello
1189 2823 1318 2880 stadium
1335 2821 1413 2881 illud
1432 2824 1525 2882 ernimi
1538 2825 1617 2882 uelut
1629 2838 1696 2889 sus.

328 2926 358 2981 in
383 2924 483 2981 omnia
501 2939 570 2996 quae
591 2921 739 2992 Lutberus
760 2922 892 3011 scripsit,
920 2921 1024 2980 scribit
1045 2928 1099 2980 aut
1117 2924 1285 2997 scripturus
1311 2930 1367 2994 est,
1398 2925 1507 2992 iurati·
1540 2932 1628 2998 alque

328 3025 378 3084 liic
400 3023 526 3095 affectus
546 3009 749 3098 sepenumero
770 3023 851 3081 bonis
863 3025 961 3081 etiam
983 3024 1055 3081 airis
1074 3025 1204 3098 imponit.
1239 3025 1310 3097 quin
1329 3030 1359 3082 et
1368 3028 1477 3098 palam
1496 3027 1629 3086 omreibus

328 3128 434 3185 amieis
454 3127 648 3196 denunciari,
679 3132 711 3182 ut
731 3126 821 3183 sime
842 3140 900 3182 non
915 3132 1037 3199 possent
1059 3141 1164 3184 armare
1189 3127 1248 3182 nisi
1267 3124 1487 3196 Lntberanum,
1509 3135 1629 3185 sumunt

327 3231 359 3287 in
380 3244 427 3286 me
448 3243 651 3302 quemcunque
672 3229 762 3285 uelint
781 3225 931 3297 affectum.
976 3226 1050 3284 Amo
1070 3228 1232 3285 libertatem
1239 3246 1250 3293 ;
1272 3228 1348 3284 nielli
1365 3226 1496 3297 seuctiani
1515 3230 1627 3287 seruire
1648 3261 1654 3266 ·

305 3348 386 3390 suec
407 3333 471 3389 uolo
492 3346 546 3388 nec
562 3345 693 3404 possum.
721 3329 888 3386 Amicorum
911 3345 1004 3387 causo
1026 3344 1084 3386 nou
1107 3337 1208 3398 erant,
1231 3329 1339 3399 inquit,
1360 3328 1535 3388 deserendae
1550 3330 1694 3398 Lei-§.uu

328 3434 408 3492 iberi
416 3438 537 3507 partes,
562 3446 687 3504 qnorum
706 3433 818 3505 uliquol
838 3432 931 3489 iactat
951 3432 1039 3488 etium
1061 3431 1100 3488 de
1117 3446 1163 3488 me
1180 3430 1252 3488 bene
1269 3432 1401 3500 meritos,
1420 3432 1473 3502 qui
1490 3437 1550 3488 tnm
1566 3448 1625 3489 non

324 3538 441 3610 possint
461 3535 551 3593 auelli
569 3550 588 3592 a
603 3533 734 3592 halbero
755 3548 845 3607 quam
863 3532 901 3591 ab
920 3533 987 3606 ipsa
1002 3533 1134 3590 ueritate.
1171 3531 1247 3601 Quos
1262 3532 1371 3589 amicos
1386 3537 1493 3608 narret
1509 3535 1625 3600 nescio,-

328 3633 406 3710 *eqo
426 3637 510 3695 tideo
533 3639 640 3695 multos
670 3636 798 3695 antebac
822 3635 953 3694 Latliero
983 3634 1194 3702 deditissimus,
1228 3649 1308 3691 nunc
1333 3635 1450 3707 parlim
1481 3649 1623 3705 mussare,

323 3742 437 3814 purtim
459 3739 571 3797 {redere
590 3738 757 3797 Lutberani
776 3739 916 3809 nominis,
941 3739 1054 3811 parlim
1082 3738 1231 3795 damnare
1251 3736 1331 3809 quod
1354 3736 1441 3810 prius
1466 3737 1623 3810 approba-

305 3842 409 3900 sbanl.
448 3839 483 3900 Si
502 3843 657 3915 quisquam
681 3841 796 3898 amicus
814 3846 928 3898 tantum
951 3843 1036 3915 apud
1056 3855 1102 3898 me
1128 3841 1221 3897 valuit
1243 3853 1390 3918 uqquam,
1413 3839 1496 3897 utin
1520 3839 1692 3912 ipsiusssso.

323 3945 458 4016 qratiam
479 3959 525 4001 me
545 3943 718 4001 addicerem
730 3942 914 4002 Lutberautc
932 3933 1076 4014 ¹factioni,
1099 3943 1194 4001 eidem
1211 3941 1267 4001 boc
1282 3942 1415 4015 lurpiar,
1439 3957 1476 3998 ne
1491 3941 1529 3998 ab
1544 3942 1624 4001 illius

323 4044 459 4116 factione
481 4047 658 4111 desciscam:
684 4046 712 4102 si
732 4059 778 4103 me
795 4047 951 4119 quisquam
974 4029 1127 4104 uidit'tam
1144 4052 1260 4120 potum,
1289 4051 1323 4103 nt
1350 4050 1440 4102 tolum
1461 4042 1622 4102 Lutbcrum

323 4147 493 4222 probarim,
525 4150 629 4222 patiar
657 4153 687 4204 ut
708 4162 753 4204 me
782 4157 861 4206 aocet
886 4148 1107 4222 rbipsuspidern
1128 4162 1186 4221 pro
1204 4147 1340 4205 Erasmo.
1385 4144 1489 4215 *onia
1515 4152 1693 4215 autemsssi.

324 4253 433 4309 mirum
465 4253 494 4308 si
520 4263 575 4322 eqo
604 4264 735 4307 recusem
764 4265 869 4308 nomen
891 4227 1068 4321 lutherani,
1101 4266 1169 4308 enm
1191 4249 1240 4307 bie
1266 4251 1410 4307 neminem
1432 4248 1548 4306 uideam
1573 4250 1626 4320 qui

305 4354 468 4412 ssustineul
489 4351 551 4410 dici
565 4348 777 4410 Lulberanus?
799 4365 869 4409 nrtm
891 4353 972 4424 quod
991 4353 1139 4410 Huttenus
1160 4367 1242 4421 repre
1265 4348 1393 4407 admittit
1413 4348 1493 4406 banc
1515 4351 1623 4422 appel-

324 4459 482 4526 lationem,
511 4457 620 4512 mirum
642 4455 740 4513 uideri
758 4470 816 4512 non
837 4436 934 4523 debes,
965 4469 1032 4512 cam
1053 4469 1108 4510 nec
1129 4453 1193 4524 ipse
1213 4450 1361 4509 Lulieerus
1384 4456 1528 4521 aqnoscat
1547 4464 1623 4519 eum,

326 4578 364 4619 ae
383 4560 585 4634 patrocinium
606 4560 697 4616 etium
719 4563 889 4624 auersetur,·
910 4561 939 4614 et
959 4556 1017 4612 nisi
1037 4569 1083 4611 me
1102 4555 1196 4626 plane
1218 4549 1304 4621 fallit
1328 4552 1422 4609 animi
1442 4551 1622 4618 coniectura,

323 4665 427 4722 mallet
445 4661 605 4720 Erasmum
628 4661 835 4718 aduersarium
858 4673 947 4731 quam
965 4656 1125 4714 lluttcnum
1143 4657 1407 4727 propupnalorem.
1445 4650 1523 4708 *sed
1544 4652 1624 4708 illius

324 4783 374 4824 res
393 4763 527 4836 sortasse
547 4765 591 4822 sie
611 4762 734 4835 babent,
757 4770 789 4820 ut
809 4763 855 4820 iili
877 4761 1008 4819 bonosii
1028 4756 1196 4815 Lutberani
1215 4751 1401 4824 awannam,
1426 4759 1524 4825 utpote
1544 4752 1625 4826 quod

392 4952 414 4985 ²⁵
433 4948 532 5016 inquit]
552 4948 774 5015 Expost.§.144.
845 4944 866 4977 ³³
886 4936 1097 5009 ὅιψάσπιᾶαε
1110 4939 1200 5004 clipeo
1218 4937 1330 4987 obiecto
1349 4938 1510 5003 fugientem.
1548 4937 1622 4997 dicq-

324 5041 407 5091 batur
427 5038 512 5087 etium
531 5024 764 5099 οἷσπιὸαποβλής,
777 5021 903 5097 ἀπέβαλε
916 5017 1100 5096 τὴνᾶσπίὸα,
1119 5025 1228 5074 hastam
1249 5022 1363 5072 abiecit.

1330 5109 1397 5168 lu*
