4367 6084
526 684 599 755 424
620 701 818 752 (tccuxxtlt.
829 718 861 751 ex
874 718 1009 752 reisuen.
1018 721 1149 755 rcnrrsr.
1164 704 1469 755 CCCLXXIV.nnsrrr
1481 722 1517 754 an
1529 709 1813 756 catanensium.

527 867 649 949 ffi'jgfggl't
668 879 685 901 ¹³
700 880 728 901 ‘¹⁰
773 884 812 920 2¹¹³
848 874 892 927 On
911 878 1032 938 cleptim
1053 878 1094 928 ins
1113 877 1198 940 [distin
1217 877 1291 928 istm.

752 959 828 1016 (rra)
916 961 1436 1029 §numeratumnnatptrnm

849 1045 900 1106 §tn
919 1046 1006 1105 [contat
1024 1047 1081 1097 ulter
1101 1046 1199 1105 ticbiim
1220 1045 1319 1108 binim,

916 1131 960 1191 Dic
978 1131 1033 1193 [epu
1052 1131 1112 1194 inni
1131 1136 1210 1193 ttrttn
1229 1132 1285 1183 nbat
1304 1132 1408 1182 ntum.

872 1240 1011 1248 ,---
1051 1240 1422 1249 --<.-.›------

1049 1383 1340 1400 *-

547 1547 681 1580 storea
1019 1520 1322 1595 CCCLXXIIII.

789 1692 940 1748 censitis
963 1696 1123 1752 uuinton.
1147 1698 1269 1752 othoni
1293 1696 1514 1753 {termimum
1537 1696 1563 1749 S.

615 1825 659 1881 Nm
683 1835 711 1880 tu
736 1829 923 1901 prodigiosum
947 1833 1081 1886 somnium
1110 1835 1201 1890 animo
1229 1830 1388 1906 concepisti.
1434 1832 1530 1886 Petrus
1560 1833 1658 1894 Sutor.
1688 1835 1816 1907 quondam

531 1909 676 1983 theologus
700 1911 881 1972 Sorlmnicus.
906 1933 976 1970 nuirc
999 1919 1146 1973 mimachus
1169 1919 1344 1974 Cantusianus
1368 1918 1394 1972 iu
1417 1918 1558 1990 Campania
1581 1918 1689 1978 Galliae.
1714 1919 1816 1992 scripsit

531 1996 557 2049 in
581 2013 620 2049 me
645 1993 767 2051 ruldmcn
792 1998 1019 2061 raliiosissinmm.
1044 2003 1194 2058 vociferans
1217 2021 1310 2060 ornnes
1334 2001 1527 2057 translationes
1549 2020 1632 2057 novas
1654 2022 1716 2058 esse
1738 2004 1843 2059 here-tl

531 2082 597 2133 ticas
620 2088 645 2134 ct
671 2080 852 2155 blasphemas,
888 2084 994 2156 linguas
1021 2104 1051 2141 ac
1080 2087 1164 2142 bonas
1193 2087 1286 2143 literas
1314 2105 1374 2142 esse
1401 2087 1504 2142 iontem
1533 2087 1653 2142 omnium
1681 2087 1817 2143 malorum.

532 2163 558 2218 Ei
584 2166 725 2237 respondi.
761 2167 806 2221 sed
831 2169 868 2222 sic
893 2179 922 2223 ut
945 2181 1046 2244 praeter
1068 2189 1150 2227 unum
1174 2172 1249 2226 illum
1278 2172 1411 2226 neminem
1438 2170 1546 2230 laedam,
1579 2190 1612 2227 nc
1639 2189 1819 2245 responsurus

531 2249 652 2322 quidem,
688 2251 714 2304 ui
744 2251 812 2306 liher
839 2253 944 2309 dicatus
971 2265 1044 2310 esset
1072 2256 1209 2312 sodalitati
1240 2256 1396 2311 Sorhonicae,
1424 2264 1451 2309 et
1479 2273 1593 2310 excusus
1621 2274 1654 2311 en
1676 2258 1819 2311 autoritate

531 2333 722 2406 theologorum
746 2336 868 2392 Lutetia.
913 2340 940 2394 lu
965 2348 991 2393 tc
1015 2359 1077 2395 vcro
1100 2342 1167 2396 adeo
1191 2340 1256 2395 nihil
1281 2340 1454 2401 trimlitamur,
1479 2348 1508 2394 ut
1531 2341 1666 2396 cmditum
1691 2341 1819 2414 quendam

531 2438 561 2473 ac
591 2419 732 2475 lacumlum
763 2421 912 2485 huminem.
948 2442 1027 2497 quem
1060 2426 1137 2481 amici
1171 2425 1294 2481 scribunt
1322 2432 1369 2479 tuo
1398 2424 1424 2479 in
1452 2442 1494 2480 me
1522 2423 1615 2480 libello
1646 2425 1847 2498 responderett

531 2502 636 2558 crebris
660 2504 710 2559 inm
735 2504 822 2559 literis
846 2526 895 2582 per·
918 2510 1006 2563 iirunia
1031 2528 1106 2565 sacra
1130 2510 1180 2565 sim
1204 2510 1371 2570 obtestatus.
1400 2518 1429 2563 ut
1452 2510 1473 2563 si
1498 2526 1552 2564 non
1576 2527 1657 2564 orsus
1678 2518 1765 2570 esset,
1788 2527 1819 2563 ne

533 2587 682 2649 ordiretur,
707 2589 729 2641 si
753 2600 839 2650 esset.
863 2592 986 2648 alroleret
1010 2596 1036 2648 in
1060 2595 1174 2667 gratiam
1199 2611 1298 2655 meam,
1327 2594 1350 2649 si
1380 2612 1421 2649 me
1443 2593 1525 2649 vellet
1548 2595 1671 2649 amicum.
1718 2594 1820 2648 Utinam

533 2672 687 2727 lmiusmodi
711 2679 903 2731 contentiones
926 2678 1027 2739 aniles,
1052 2688 1080 2733 ut
1105 2698 1196 2739 vocas,
1219 2678 1424 2752 displicuissent
1449 2678 1496 2733 tibi
1520 2678 1680 2752 priusquam
1702 2677 1820 2733 libellum

532 2765 607 2810 tuum
636 2757 745 2818 ederes.
781 2776 810 2813 ac
841 2763 933 2835 potius
963 2762 990 2817 in
1016 2763 1161 2819 consilium
1190 2764 1360 2819 adhibuisses
1389 2762 1561 2835 prudentiam
1589 2781 1669 2835 quam
1693 2763 1820 2834 quosdam

443 2835 446 2840 ’
532 2840 577 2913 ιμιί
609 2858 641 2894 er
669 2841 763 2896 alienis
793 2844 969 2903 incommodis
999 2866 1045 2903 sua
1075 2857 1208 2903 renautur
1235 2848 1384 2904 commoda.
1435 2849 1523 2920 litque
1557 2849 1659 2901 utinam
1687 2847 1849 2902 lluttenustu

533 2925 618 2997 magis
641 2926 822 2983 auscultasset
845 2932 911 2986 meis
934 2932 1035 2993 literis.
1071 2951 1139 3006 quas
1167 2950 1222 2988 nun
1251 2950 1318 2988 unas
1347 2940 1469 2987 amanter
1497 2932 1528 2986 ad
1551 2930 1627 2986 illum
1651 2931 1821 3005 scripseram.

533 3027 566 3064 ne
590 3008 636 3063 tali
662 3009 754 3066 libello
777 3013 851 3069 edito
874 3024 900 3070 et
924 3019 1067 3090 utriusque
1091 3027 1216 3073 nostrum
1241 3017 1397 3091 opinionem
1415 3015 1525 3072 laederct
1540 3023 1568 3073 ct
1584 3015 1693 3071 stolidis
1713 3015 1822 3089 quibus·

531 3095 591 3149 dam
616 3092 756 3152 literarum
779 3097 905 3155 hostibus
928 3102 1112 3176 spectaculum
1136 3103 1227 3174 celeret
1251 3101 1443 3175 gratissimum.
1488 3100 1564 3167 Quod
1593 3100 1657 3156 mihi
1686 3101 1822 3156 condonas

533 3179 623 3235 omnia
647 3198 706 3254 qum
729 3181 811 3238 hahes
834 3185 974 3242 adeersum
998 3206 1054 3247 me,
1079 3204 1133 3241 non
1158 3187 1233 3242 video
1258 3185 1322 3259 quid
1345 3185 1392 3240 tibi
1415 3185 1526 3240 debeam
1549 3186 1602 3240 isto
1619 3202 1683 3240 sane
1700 3185 1821 3241 nornine:

534 3281 593 3319 nam
617 3283 630 3318 a
655 3283 696 3320 me
720 3284 856 3340 nmupram
880 3272 970 3326 literas
994 3271 1074 3327 laesus
1104 3280 1131 3327 et
1159 3271 1241 3343 longe
1270 3270 1351 3325 alium
1379 3287 1439 3325 esse
1467 3269 1631 3330 iudicabam,
1665 3270 1852 3343 priusquamo

534 3348 627 3405 libello
657 3351 774 3407 animum
804 3354 934 3426 proderes
962 3356 1080 3412 animum
1111 3365 1195 3411 tuum.
1240 3355 1414 3410 Cousulueris
1443 3354 1482 3409 rei
1511 3363 1564 3409 ture
1594 3355 1617 3408 si
1641 3354 1721 3409 istam
1743 3353 1823 3408 animi

534 3435 661 3490 ferociam
686 3445 774 3490 vetius
797 3439 828 3493 ad
852 3441 1063 3496 moderationem
1086 3459 1117 3496 ac
1140 3439 1371 3496 mansuetudinem
1395 3439 1588 3493 Christianam:
1613 3456 1673 3493 nam
1695 3439 1752 3494 inec
1768 3438 1824 3511 ipsa

535 3529 579 3575 tua
602 3519 772 3575 conciliatrix
796 3523 912 3596 epistola
937 3535 1066 3599 quantum
1090 3525 1171 3580 babet
1194 3525 1340 3585 minarum,
1369 3540 1403 3579 nc
1430 3524 1559 3579 coiiviciis
1589 3523 1697 3595 quidem
1722 3540 1824 3582 vacans.

535 3612 637 3659 tardum
661 3615 791 3679 coricepta
815 3626 879 3663 vana
903 3610 1055 3684 suspitione
1078 3627 1111 3665 er
1134 3610 1243 3665 nomine
1266 3608 1373 3664 Sutoris
1396 3616 1423 3663 et
1446 3607 1612 3662 Cartusiani:
1636 3615 1695 3662 erat
1717 3608 1769 3662 hoc
1786 3605 1824 3661 rel

535 3688 679 3745 mediocris
702 3691 853 3763 prudentiae
877 3712 931 3749 rem
955 3696 1057 3750 certius
1079 3711 1248 3767 cognoscere
1272 3694 1430 3767 priusquam
1453 3692 1485 3747 ad
1513 3693 1600 3747 minas
1628 3700 1675 3746 aut
1703 3691 1856 3747 conviciato

533 3772 721 3829 descenderes.
769 3775 824 3846 Ego
847 3778 949 3834 indlius
971 3780 1114 3836 amicitiam
1138 3796 1197 3834 sum
1220 3795 1337 3851 linquam
1366 3786 1541 3850 aspernatus,
1572 3794 1660 3848 neque
1683 3776 1826 3849 quisquam

527 3854 613 3932 fanm
637 3856 777 3915 lacessitus
801 3870 842 3915 est
866 3863 896 3917 ad
922 3864 1096 3919 inimicitiam.
1141 3873 1268 3919 cartcium
1296 3861 1406 3918 dilhcile
1435 3871 1476 3916 est
1505 3861 1649 3916 amicitiam
1673 3861 1744 3915 tucri
1767 3877 1826 3915 curn

536 3952 589 3998 tam
619 3940 755 3997 ferocibus
784 3955 811 3999 et
839 3946 1017 4003 irritalrilibus
1047 3949 1171 4022 ingeniis.
1216 3947 1398 4002 Christianum
1428 3946 1546 4001 animum
1576 3962 1656 4017 ciuem
1678 3943 1826 4018 polliceris,

535 4026 583 4081 din
614 4025 812 4095 gratulabimur
842 4031 864 4083 si
894 4034 1071 4104 praestiterim
1108 4033 1194 4088 nibcia
1225 4041 1268 4086 tua
1298 4049 1347 4086 nec
1376 4030 1464 4085 ambio
1494 4048 1542 4086 uec
1578 4046 1728 4102 aspernor:
1761 4029 1827 4083 satis

535 4111 649 4165 amicum
673 4111 775 4182 putabo
799 4113 821 4166 si
846 4115 893 4169 tihi
919 4116 968 4189 ipsi
994 4117 1155 4190 praestiteris
1178 4117 1305 4177 amicum,
1340 4115 1406 4170 satis
1436 4114 1588 4170 officiorum
1617 4113 1701 4168 luerit
1724 4113 1746 4167 si
1771 4129 1858 4169 nonae

536 4194 616 4249 laedas
640 4194 736 4251 laruam
759 4195 886 4259 alienam.
910 4202 981 4273 qitod
1005 4203 1093 4258 solum
1117 4212 1210 4275 potes,
1234 4211 1261 4255 ct
1279 4199 1434 4256 facillimum
1451 4209 1508 4259 est.
1525 4200 1576 4254 hoc
1592 4198 1745 4272 praesertim
1762 4205 1829 4252 tem·

537 4298 609 4353 pore.
635 4280 703 4334 liene
727 4280 791 4337 mle.
815 4283 932 4340 basileae.
957 4288 1034 4342 hmm
1057 4286 1210 4342 billlllil'.

536 4467 747 4518 l‘llterXllll.
782 4466 1444 4535 l...t.=i2ras1ntupp.(lnd.bibl.n.53,a...s.)
1495 4464 1519 4527 1)
1537 4482 1562 4530 ρ.
1577 4464 1635 4513 ill.
1683 4463 1710 4524 2)
1730 4480 1755 4528 p.
1770 4462 1829 4512 1181.

749 4556 775 4607 :ii
796 4573 820 4618 p.
834 4555 892 4603 1131.
907 4574 947 4620 sq.
967 4556 1039 4604 XlX.
1058 4553 1113 4602 1011.
1149 4553 1176 4607 ll
1197 4552 1259 4601 coll.
1272 4552 1331 4601 ma.
1346 4567 1385 4614 sq.
1405 4565 1613 4599 nasccntium.

602 4692 620 4724 ¹¹¹
640 4696 745 4744 meteres
767 4700 823 4745 1.2.
843 4704 869 4746 ut
888 4696 954 4761 reliq.
976 4711 999 4744 ae
1052 4692 1074 4723 ²⁹
1092 4691 1286 4743 Brunnlelsius
1305 4687 1421 4739 victoris
1433 4687 1657 4752 Mogriutinensis
1676 4684 1749 4734 lilius
1763 4685 1831 4732 Car·

528 4777 674 4828 thusinnus
694 4781 794 4832 irrorat.
873 4786 933 4829 erut
951 4781 1004 4830 hoc
1023 4775 1082 4841 etc]
1104 4777 1174 4826 Mira
1193 4774 1329 4825 Ernsmici
1348 4773 1456 4838 ingenii
1474 4772 1619 4836 sagacitas
1638 4770 1693 4818 tuit
1713 4769 1741 4817 in
1761 4767 1831 4817 alio·

524 4875 581 4909 rum
601 4865 703 4913 culinis
723 4867 794 4916 sitin
819 4866 972 4929 mendaque
998 4862 1170 4928 explicandi,
1197 4876 1214 4908 a
1238 4859 1337 4923 quibus
1365 4858 1490 4922 quumvis
1514 4857 1573 4919 ipse
1597 4854 1720 4903 refertus
1746 4858 1832 4913 esset,

474 4926 489 4944 ⁸
515 4961 542 4987 aa
563 4944 645 5009 lrlnuc
660 4947 780 4998 liborum
796 4952 988 5013 inmunemque
1003 4947 1143 4997 iudicasse
1158 4947 1278 5008 ingenue
1292 4943 1411 4992 videtur.
1447 4939 1468 4971 ³³
1481 4939 1604 4989 Basileia.
1619 4939 1698 4986 Anno
1715 4936 1790 4987 1525.
1807 4940 1832 4986 4.

1023 5077 1371 5095 *⁶
