4367 6084
448 738 807 789 cccnxxx111r.asnsn1
822 755 885 788 nor.
899 754 935 788 an
949 755 1004 788 nra.
1020 755 1253 790 riscnnanraavn
1267 757 1309 789 nr.
1324 757 1349 789 a.
1367 749 1384 789 t.
1400 755 1458 789 nar.
1474 749 1533 789 tots.
1572 725 1646 795 437

621 1004 624 1009 .
793 852 1166 982 'ooonxxxnn
1460 935 1626 991 .,.Μ.....

1441 997 1643 1008 ————-...-.

501 1082 621 1138 Ennstss
644 1082 803 1137 aristoni
825 1084 955 1138 cottus
979 1082 1132 1138 arnonas
1155 1083 1197 1137 dl)
1219 1082 1495 1139 Ptnutttttttttttnvtt.

436 1219 486 1286 Qui
504 1219 611 1274 tandem
627 1218 741 1275 obsecro
757 1228 821 1274 snut
837 1219 880 1273 isti
897 1218 966 1274 male
982 1219 1134 1291 linguaces,
1158 1219 1203 1292 qui
1220 1226 1250 1272 ut
1265 1217 1362 1274 scribis
1377 1236 1427 1291 per
1448 1237 1555 1276 omnem
1576 1239 1645 1294 pene

350 1304 518 1359 Germaniam
535 1321 660 1377 sparsere
676 1321 717 1358 me
733 1304 820 1359 modis
836 1304 974 1359 atrocibus
988 1312 1132 1359 tractatum
1148 1303 1181 1357 ah
1192 1303 1307 1358 Henrico
1321 1302 1539 1378 Epphendorpio,
1552 1305 1644 1361 lindis·

326 1403 404 1461 sque
426 1388 629 1445 conditionibus
651 1406 712 1444 cum
734 1387 783 1443 illo
806 1389 920 1444 rediisse
943 1389 969 1442 in
992 1390 1125 1460 gratiam?
1155 1387 1230 1455 Quod
1258 1387 1364 1443 etiamsi
1392 1405 1424 1443 ex
1452 1398 1529 1461 parte
1553 1407 1643 1445 rernm

350 1482 442 1534 esset,
465 1474 529 1546 quid
552 1482 594 1528 est
617 1473 660 1528 hic
683 1473 755 1547 quod
778 1473 911 1545 gestiant,
935 1473 1007 1546 qnod
1030 1472 1166 1533 exultent,
1191 1473 1264 1545 iqitod
1279 1472 1454 1545 ‘triumphent
1470 1473 1488 1528 ii
1504 1475 1550 1547 qni
1566 1492 1595 1531 se
1613 1476 1645 1530 ti·
1712 1531 1714 1534 Α

351 1557 410 1612 tulo
433 1557 565 1630 evangelii
588 1558 736 1619 venditant,
761 1558 807 1631 qui
831 1574 963 1631 nusquam
987 1574 1042 1613 non
1065 1558 1217 1630 prensantur
1233 1575 1323 1630 paceni
1341 1565 1367 1612 et
1383 1558 1516 1630 gratiam?
1540 1558 1643 1631 surgant

350 1660 393 1697 me
416 1641 518 1698 laesisse
542 1642 798 1716 Epplrentlorpinn1.·
821 1642 924 1714 lingant
946 1642 980 1698 ab
1002 1641 1050 1697 illo
1073 1642 1182 1704 laesum,
1206 1641 1309 1714 hrigaut
1332 1651 1478 1715 utrumqne
1500 1643 1534 1698 ab
1556 1643 1643 1700 altero

351 1726 460 1788 laesum,
483 1727 600 1800 denique
623 1725 726 1799 lingant
748 1726 816 1782 nihil
838 1720 1027 1782 intercessisse
1050 1727 1230 1788 ollensarnm,
1254 1726 1452 1800 suspitionibus
1474 1727 1599 1783 humanis
1614 1748 1645 1785 uc

317 1811 580 1885 rosycophantarum
602 1810 784 1868 delationibus
805 1811 965 1885 diremptam
988 1811 1145 1873 amicitiam,
1174 1821 1266 1867 utrum
1288 1811 1332 1867 bic
1353 1811 1485 1867 insultare
1508 1812 1572 1867 mihi
1595 1831 1644 1886 par

350 1905 393 1951 est
415 1914 448 1965 an
472 1896 565 1969 potius
589 1896 698 1969 utrique
722 1905 826 1951 resarta
847 1897 992 1952 eoncordia
1014 1895 1163 1968 gratulari?
1187 1896 1235 1951 Ubi
1258 1896 1301 1952 hic
1317 1905 1359 1951 est
1374 1895 1420 1951 ille
1435 1897 1549 1968 spiritus
1565 1916 1644 1953 eran·

349 1980 454 2052 gelieus
477 1981 523 2053 qui
547 1997 655 2054 semper
677 1980 732 2036 illis
755 1989 830 2036 natat
852 1981 879 2035 in
903 1980 995 2043 labiis,
1018 1982 1064 2054 qui
1080 1981 1205 2053 pingitur
1221 1981 1247 2034 in
1263 1980 1407 2054 epistolis?
1430 1981 1475 2036 ubi
1491 1981 1644 2036 Christiana

348 2065 467 2121 charitas
489 2083 549 2138 quaa
565 2064 666 2120 nullius
681 2066 783 2137 gaudet
797 2064 888 2136 malo?
911 2065 962 2120 Sed
983 2065 1151 2139 applaudunt
1172 2064 1373 2139 Epphendorpii
1397 2065 1523 2121 victoriae.
1561 2065 1644 2121 Erant

350 2151 396 2223 qui
420 2150 570 2205 lluttenicae
593 2151 738 2205 temeritati
761 2150 886 2223 plausum
908 2150 1019 2211 darent.
1049 2168 1100 2205 nec
1123 2150 1258 2205 innuerito
1281 2150 1303 2204 si
1327 2167 1480 2206 successum
1504 2150 1644 2206 habuisset

314 2234 473 2290 raaudacia:
496 2233 676 2308 profitebatur
698 2235 768 2290 enim
791 2253 851 2290 sese
874 2235 995 2291 veritatis
1017 2235 1178 2310 evangelica·
1194 2244 1441 2308 propugnatorem.
1465 2253 1547 2308 quum
1563 2253 1643 2292 tremo

352 2320 438 2391 magis
461 2319 584 2385 olleeerit
606 2320 722 2374 istorum
750 2319 905 2391 erarrgolio:
935 2338 995 2375 curn
1018 2319 1231 2393 Epphcndorpio
1260 2337 1324 2374 vero
1354 2319 1418 2392 qnid
1447 2319 1507 2375 istis
1537 2320 1642 2375 tandem

349 2412 393 2459 est
416 2405 476 2458 rei?
505 2421 539 2458 an
567 2404 681 2459 credunt
705 2402 780 2459 illum
804 2405 830 2459 in
852 2404 963 2460 llntteni
987 2403 1076 2460 locum
1100 2404 1282 2458 successisse?
1311 2406 1350 2457 dn
1374 2403 1399 2459 id
1423 2404 1519 2461 lecerit
1541 2405 1642 2466 neseio.

350 2488 473 2562 profiteri
497 2504 552 2543 non
575 2487 708 2550 arbitror,
737 2498 764 2544 et
793 2489 816 2544 si
839 2489 1030 2562 profiteretur,
1060 2489 1124 2561 qnid
1155 2489 1211 2543 bac
1237 2505 1316 2544 causa
1346 2489 1411 2543 lacit
1439 2489 1471 2543 ad
1500 2490 1642 2545 veritatem

351 2572 550 2645 evangelicam?
574 2575 608 2628 dt
630 2574 688 2628 siue
711 2591 792 2628 causa
814 2573 892 2629 malis
914 2573 1010 2628 alienis
1031 2573 1161 2629 delectari
1177 2573 1272 2628 leriam
1287 2573 1425 2628 cuiusdam
1442 2574 1561 2635 malitias,
1584 2581 1643 2630 tan-

313 2665 408 2712 rotum
432 2657 509 2712 abest
531 2666 561 2712 ut
583 2658 619 2713 sit
641 2657 812 2730 evangelicus
834 2658 955 2732 spiritns.
1000 2658 1074 2713 b'une
1096 2658 1215 2730 aperiam
1239 2675 1318 2730 quarn
1347 2659 1449 2714 lrnstra
1477 2668 1563 2714 semet
1592 2659 1643 2714 ista

349 2741 488 2815 voluptate
512 2741 665 2797 titillarint:
695 2761 748 2798 noa
775 2743 818 2798 liic
846 2743 980 2798 rahieabo
1009 2760 1116 2799 cansam
1140 2760 1201 2816 quaa
1232 2743 1304 2798 inter
1331 2761 1381 2798 nos
1409 2743 1580 2803 versabatur.
1609 2761 1643 2799 ne

350 2821 429 2899 quan‘r
451 2827 576 2899 stipulati
598 2844 692 2882 sumus
715 2828 916 2900 praeteritarum
939 2828 1103 2883 offensarum
1126 2844 1157 2882 ac
1179 2828 1360 2901 suspitinnum
1390 2827 1552 2884 oblivionem
1576 2828 1643 2884 obli-

350 2919 394 2966 tus
418 2911 522 2966 videar:
551 2910 617 2967 illud
641 2920 728 2967 tamen
751 2912 837 2967 dicam
859 2930 917 2967 mea
941 2913 967 2967 in
991 2912 1079 2985 ipsum
1102 2913 1198 2967 merita
1221 2929 1270 2968 nec
1293 2913 1382 2986 ipsum
1404 2912 1643 2987 Epphendorpium

349 2995 462 3052 inficiari
486 3038 1011 3052 .......................
1035 2995 1182 3068 audiebam
1212 2997 1335 3069 quotidie
1358 3015 1436 3052 voces
1459 3015 1490 3052 ac
1512 3015 1642 3054 susurros

312 3080 489 3136 rahominum
514 3080 597 3148 'Qnur
618 3081 662 3137 bic
686 3090 727 3137 tot
750 3082 827 3137 annis
851 3082 937 3138 haeret
959 3099 1008 3136 nec
1031 3081 1124 3136 revisit
1147 3081 1229 3136 snos‘t
1253 3081 1316 3153 quid
1340 3098 1431 3136 rorum
1453 3081 1542 3154 gerit?
1570 3083 1642 3139 unde

350 3165 472 3238 suppetit
496 3164 535 3219 illi
558 3183 603 3220 res
626 3167 708 3221 tantis
732 3166 893 3239 impendiis?
917 3166 987 3221 unde
1011 3164 1083 3220 illins
1107 3166 1265 3219 stemmata?
1290 3165 1334 3219 nbi
1357 3165 1439 3220 habet
1461 3183 1536 3222 arces
1559 3167 1641 3221 suas?

348 3268 398 3304 eur
420 3264 465 3305 eas
487 3250 606 3305 deserit?
635 3250 698 3323 quid
728 3250 767 3305 illi
797 3269 858 3306 cum
881 3250 1014 3310 llutteno.
1043 3250 1086 3304 cni
1111 3248 1145 3304 ob
1168 3250 1309 3303 manifesta
1333 3249 1452 3304 facinora
1475 3249 1566 3305 nullus
1590 3251 1641 3305 iam

348 3333 425 3390 locus
447 3343 506 3390 erat
528 3336 620 3390 tutus?
648 3335 694 3408 qni
717 3335 841 3390 dissolvit
864 3354 902 3390 aas
924 3334 1040 3390 alienum
1064 3334 1137 3407 quod
1159 3351 1290 3406 nusquam
1315 3351 1369 3388 non
1392 3334 1555 3389 contrahitl'
1578 3334 1641 3389 llaec

348 3418 455 3492 aliaque
478 3418 562 3474 multa
585 3438 646 3492 quae
669 3438 740 3475 nune
762 3421 865 3476 reterre
888 3437 941 3475 uon
965 3418 1045 3480 libet.
1075 3417 1304 3473 occinebantura
1335 3418 1467 3480 cordatis,
1498 3418 1579 3472 etiam
1607 3417 1641 3472 ab

313 3503 393 3559 toliis
416 3504 463 3576 qui
491 3504 650 3560 ridebantur
672 3504 711 3559 illi
734 3505 908 3560 vehementer
930 3504 1016 3559 amici.
1042 3543 1520 3557 .....................
1527 3544 1544 3561 ,.
1563 3545 1568 3555 .
1586 3545 1591 3555 .
1702 3494 1705 3499 ’

348 3630 567 3643 ..........
568 3592 590 3643 “.
609 3632 638 3643 ..
668 3590 720 3645 Res
743 3598 800 3645 acta
823 3598 866 3645 est
888 3588 1070 3663 praesentibus
1092 3587 1208 3642 testibus
1232 3587 1295 3642 viris
1318 3586 1484 3659 gravissimis
1506 3587 1641 3642 Ludovico

348 3770 585 3821 cccnxxxtltl.
620 3771 684 3819 l=
702 3740 813 3820 Pireklt.
828 3771 899 3837 Opp.
918 3771 987 3832 (Ind.
1002 3770 1068 3819 bibl.
1088 3770 1127 3820 nl.
1141 3769 1194 3833 59.)
1213 3787 1238 3834 p.
1253 3767 1393 3820 208...303.
1447 3769 1515 3817 2:
1531 3769 1640 3818 Erasini

645 3857 715 3920 Epp.
731 3856 800 3915 (ind.
814 3856 880 3903 bibl.
895 3855 931 3904 n⁰.
946 3854 1023 3915 abab
1037 3873 1062 3919 p.
1079 3852 1216 3905 toto...83.
1231 3854 1268 3903 n⁰.
1281 3852 1340 3903 958.

993 3927 1101 3934 --

418 4041 436 4074 ¹¹
457 4043 489 4091 In
508 4044 628 4092 adraonr't.
648 4044 836 4092 adamandae.
856 4044 922 4091 idem
941 4044 1000 4105 sere
1024 4047 1092 4092 lorus
1114 4045 1152 4091 sic
1170 4044 1309 4106 repetitor:
1333 4041 1388 4090 Ubi
1408 4047 1451 4091 est
1468 4041 1515 4090 hic
1533 4041 1581 4090 ille

346 4127 409 4177 istis
428 4133 508 4176 natat
526 4129 544 4175 i.
559 4128 591 4184 1..
611 4128 659 4176 ubi
677 4143 730 4192 pax
750 4143 810 4191 qnae
828 4145 855 4192 p.
921 4127 1006 4186 malo,
1028 4128 1076 4176 sed
1096 4128 1215 4175 omnium
1238 4127 1309 4176 bono
1327 4126 1501 4191 gratulatur?
1519 4125 1640 4191 Applau-

347 4213 414 4261 dunt
433 4213 463 4260 E.
479 4229 519 4272 v.;
539 4212 733 4276 quamobrem?
758 4217 819 4260 erat
842 4211 968 4275 nopnihil
993 4226 1085 4260 canisae
1111 4226 1179 4275 quur
1197 4213 1267 4259 Hutt
1286 4247 1343 4261 ......
1364 4210 1520 4275 evangelio.
1558 4216 1640 4260 caete-

347 4313 404 4346 rum
423 4312 485 4346 cum
503 4296 592 4362 Epph.
606 4296 670 4360 quid
689 4296 800 4344 tandem
819 4298 880 4344 istis
899 4301 942 4344 est
960 4296 1019 4344 roi?
1039 4310 1074 4343 an
1092 4296 1146 4344 sibi
1165 4295 1334 4359 persuadent
1351 4294 1423 4344 himo
1441 4296 1477 4344 H.
1492 4294 1508 4344 l.
1523 4311 1555 4357 a,
1576 4311 1640 4360 qno·

346 4383 422 4431 niam
440 4387 470 4430 nt
487 4382 551 4430 vivo
569 4396 701 4445 perquam
720 4380 899 4430 familiariter
918 4385 960 4428 est
979 4395 1057 4438 usus,
1078 4380 1119 4427 ita
1138 4379 1263 4428 defuncti
1283 4381 1385 4428 samam
1404 4385 1515 4428 strenue
1530 4383 1641 4429 tuetur?

346 4466 418 4515 hnnc
438 4466 557 4514 animum
576 4470 606 4513 ut
624 4466 652 4513 in
671 4465 719 4514 illo
743 4479 880 4528 nunqnam
905 4463 1086 4527 deprehendi,
1113 4463 1153 4510 ita
1177 4478 1231 4511 non
1255 4463 1374 4511 arbitror
1397 4463 1485 4526 ipsum
1507 4464 1639 4529 profiteri.

346 4552 396 4600 sed
413 4536 544 4600 donemus
564 4551 604 4598 ita
623 4566 698 4609 esse,
719 4549 853 4613 quidhoc
873 4549 907 4597 ad
927 4563 1040 4598 causam
1059 4546 1270 4609 evangelicam?
1288 4553 1336 4594 etc.
1403 4546 1423 4577 ¹⁸
1442 4544 1513 4611 haec]
1534 4563 1594 4611 quae
1615 4551 1638 4597 1.
1678 4548 1682 4556 '

345 4632 367 4666 ²¹
386 4634 553 4685 oblivionum
575 4638 598 4683 1.
662 4631 683 4664 ²⁴
702 4634 860 4683 Audiebas?
880 4633 924 4697 qui
943 4631 1038 4697 paullo
1057 4638 1122 4680 anto
1142 4632 1273 4680 Botaemo
1292 4631 1444 4695 scripseras
1463 4632 1599 4681 neminem
1612 4638 1638 4681 to

346 4719 444 4769 talium
464 4735 553 4769 rerum
573 4735 634 4770 esse
653 4720 880 4768 incuriosiorem'?
931 4716 952 4747 ²³
973 4717 1109 4777 cordatis,
1130 4716 1240 4765 scilieet
1253 4716 1396 4764 Erasnrice
1415 4716 1546 4777 cordatis,
1567 4718 1639 4780 siqui

347 4804 467 4853 fuerunt.
519 4802 540 4834 ⁸¹
560 4804 717 4868 Sequuntur
735 4804 908 4852 narrationes
931 4802 1182 4865 cavillationesque
1207 4816 1240 4849 ae
1265 4799 1436 4863 sophismata
1460 4801 1519 4850 lore
1544 4802 1640 4850 eadem

347 4894 430 4952 atque
449 4894 548 4952 postea
567 4889 681 4952 repetiit
700 4888 727 4935 in
747 4887 842 4936 libello
862 4889 906 4936 cui
926 4887 1069 4951 inscripsit
1089 4886 1236 4935 ‘Adversus
1254 4885 1428 4933 mendacium
1449 4890 1476 4933 et
1500 4885 1640 4934 obtrecta-

346 4975 449 5021 tionem
469 4972 546 5020 ntilis
566 4972 733 5033 admonitio',
755 4972 799 5036 qni
819 4971 929 5020 libellus
948 4971 1048 5020 futuris
1067 4969 1172 5018 rabulis
1190 4969 1378 5034 legirnprsque
1397 4985 1464 5018 sane
1478 4969 1641 5021 utilissimus

347 5039 435 5107 videri
455 5062 556 5122 potest.
