4367 6084
540 766 752 819 cccxxxxn.
772 781 858 818 vasu
872 781 902 817 ut
915 779 1068 818 avarsus!
1081 780 1282 817 assensuum
1297 781 1330 818 tu
1345 780 1505 816 serrarum.
1594 748 1667 821 371

579 942 698 1013 Inpenio
717 942 880 1011 dextraque
898 933 1013 1011 potens,
1035 940 1102 994 dum
1125 940 1182 995 uita
1204 939 1345 1009 manebat,

509 1043 522 1083 s
627 1026 778 1080 Musarum
801 1026 887 1079 simut
908 1031 935 1079 et
952 1024 1058 1079 Martis
1077 1025 1212 1079 alumnus
1232 1039 1322 1080 eram.

580 1111 679 1166 Caesar
692 1111 850 1179 'Apaltinea
871 1111 964 1164 einait
985 1123 1048 1162 mea
1070 1116 1200 1179 tempora
1219 1109 1313 1175 tauro,

646 1195 726 1250 Idem
745 1211 803 1264 pra
825 1195 933 1249 meritis
955 1207 1056 1248 namen
1076 1199 1207 1263 equestre
1228 1195 1313 1248 dedit.

356 1301 369 1340 s
584 1279 667 1350 Soepe
691 1280 779 1334 bonos
801 1285 914 1333 mutare
937 1278 1026 1333 solum
1050 1278 1182 1332 Fortuna
1204 1278 1302 1348 eoepit,

517 1381 542 1421 u
648 1363 757 1435 Mapna
778 1364 881 1433 quibus
900 1363 1001 1433 patria
1021 1377 1108 1432 paena
1129 1376 1232 1416 carere
1252 1358 1325 1431 suit:

525 1478 529 1486 ,
579 1450 631 1502 Ast
653 1464 716 1502 mea
742 1464 799 1502 aon
821 1448 877 1502 atio
899 1454 1010 1502 tantum
1034 1461 1065 1500 se
1084 1448 1173 1500 iactat
1194 1447 1310 1501 alumno

650 1533 794 1597 Francia,
816 1546 869 1586 aee
891 1533 1001 1585 meritis
1021 1538 1063 1585 est
1085 1532 1158 1584 male
1178 1537 1265 1602 prata
1286 1534 1364 1586 meis.

516 1656 519 1662 -
581 1619 674 1688 Aeper
696 1618 735 1671 ad
753 1615 807 1670 tras
830 1617 894 1670 aeni
909 1617 1021 1686 Iepatus
1043 1613 1167 1669 Caesaris
1188 1631 1266 1683 oras,

343 1723 367 1761 to
521 1717 546 1756 m
653 1701 722 1755 Cum
745 1714 789 1754 me
814 1716 891 1754 mors
910 1701 983 1754 atius
1004 1701 1086 1754 iussit
1108 1701 1182 1753 intre
1207 1702 1276 1756 aias.

582 1787 655 1841 Ante
677 1787 835 1855 sepultura
856 1787 979 1839 serviret
1000 1791 1031 1839 ut
1053 1785 1176 1855 anpatus
1194 1786 1246 1838 iste

650 1869 740 1936 Quom
764 1884 894 1924 morerer
915 1870 999 1923 sociis
1020 1871 1099 1923 iussa
1121 1884 1257 1939 suprema
1276 1871 1356 1929 dedu

583 1955 715 2009 Assiduae
737 1955 785 2009 utn'
806 1968 849 2007 me
871 1954 1003 2024 luperent
1024 1954 1195 2024 planctibus
1214 1955 1308 2019 uada,

521 2055 547 2093 m
653 2039 691 2093 Et
710 2044 857 2110 yemarent
875 2039 971 2107 plenis
991 2040 1074 2110 stpna
1097 2036 1199 2108 refusa
1222 2040 1311 2104 radis,

586 2122 728 2193 Sertaque
751 2130 906 2178 vernarent
928 2125 1035 2177 tumuto
1055 2125 1152 2177 nativa
1174 2124 1226 2178 sub
1245 2124 1316 2192 ipso,

542 2220 547 2234 ·
651 2208 689 2263 Et
707 2209 836 2278 querula
857 2214 997 2262 canerent
1015 2208 1108 2278 flehite
1128 2222 1242 2278 semper
1263 2221 1339 2262 aree.

591 2292 684 2359 Vade,
705 2293 758 2348 sed
779 2293 925 2347 admonitu
948 2293 1041 2347 nostri
1062 2307 1129 2362 spes
1154 2292 1292 2348 contrane
1314 2293 1411 2358 laxas,

521 2390 546 2428 n
655 2376 715 2442 Qua
738 2378 852 2430 minime
874 2378 983 2443 creetis,
1006 2383 1083 2431 stant
1106 2383 1157 2431 tua
1177 2375 1244 2447 sata
1266 2377 1336 2431 ioca.

736 2470 805 2537 [Hae
822 2475 975 2537 epitaphium
987 2476 1079 2538 tepitur
1091 2477 1166 2523 etiam
1179 2491 1221 2537 op.
1236 2473 1388 2530 {ieiunorum
1401 2481 1426 2523 et
1440 2473 1632 2523 Barettardum
1646 2479 1671 2522 et

738 2555 901 2622 Mummium]
916 2585 946 2593 -
961 2559 1106 2608 Reusnerus
1118 2561 1190 2608 adtiit
1202 2560 1272 2608 atiud
1288 2563 1406 2623 tanquam
1419 2558 1459 2607 Io.
1473 2557 1670 2613 subnatant,

737 2643 806 2706 quad
826 2648 908 2690 tamen
936 2646 1004 2692 inter
1028 2643 1130 2708 ‘elogia
1157 2657 1286 2693 versuum
1308 2642 1510 2695 Esbonioorum
1536 2643 1673 2705 asscripta

735 2725 824 2789 signis
843 2726 1010 2776 eruditorum
1029 2727 1198 2793 quorundam
1216 2728 1346 2792 depictis,
1360 2728 1388 2777 in
1412 2727 1516 2776 sedibus
1534 2762 1540 2774 .
1555 2761 1561 2774 .
1577 2762 1582 2773 .
1598 2761 1603 2773 .
1622 2726 1672 2774 Mi-

737 2809 828 2859 chaeli
847 2811 1025 2875 Maiebergii‚
1045 2812 1214 2874 Northusuni
1238 2811 1367 2861 consulis'
1391 2811 1493 2861 entdbet
1517 2810 1606 2861 Ionan.
1628 2811 1674 2859 Ca·

736 2896 860 2943 merarius
872 2900 897 2943 tn
910 2894 986 2944 'l'ert
1000 2895 1101 2944 Libell.
1116 2895 1266 2960 Epistolar.
1280 2896 1315 2944 Η.
1328 2895 1395 2945 Eeb.
1408 2896 1499 2945 Hessi.
1513 2896 1589 2960 Lips.
1602 2893 1674 2944 1761.

737 2976 774 3025 8⁰.
794 2978 842 3028 soi.
856 2977 929 3039 CR,
949 2980 1013 3027 doe:
1438 3011 1442 3020 ·

1007 3114 1019 3172 1
1030 3113 1054 3172 Ι.

938 3209 1122 3280 narrant.

591 3334 673 3402 Quod
691 3338 838 3408 pentititits
855 3344 954 3406 posset
970 3351 1147 3406 praeponere
1169 3338 1258 3407 sipnis

560 3441 562 3443 ’
656 3420 816 3488 Eudemus,
837 3420 928 3475 Musis
950 3421 1052 3476 Gratia
1074 3422 1172 3474 iuncta
1189 3419 1257 3490 suit.

741 3515 845 3583 [Ceteri
864 3533 976 3582 qaorum
990 3517 1113 3582 insignia
1125 3517 1238 3582 depicta
1250 3515 1376 3566 versibus
1390 3517 1535 3566 exornavit
1547 3516 1678 3565 Eobanus

741 3602 799 3650 tere
819 3617 912 3652 omnes
931 3603 994 3651 novi
1014 3601 1138 3650 homines
1158 3606 1249 3663 erant,
1277 3601 1423 3667 gentilicia
1448 3601 1569 3666 insignia
1592 3599 1676 3662 nulia,

740 3686 789 3735 sed
808 3702 868 3750 quae
888 3703 936 3750 pro
954 3686 1044 3735 lubitu
1061 3684 1116 3734 sibi
1135 3686 1248 3749 quisque
1272 3690 1439 3750 sumpserat,
1464 3682 1626 3749 habebant]

1009 3820 1055 3881 12.

455 3921 533 3983 Quod
552 3923 684 3987 sequitur,
706 3938 738 3971 ex
758 3923 979 3989 ephemeridibus
998 3922 1125 3986 (Literar.
1145 3922 1263 3972 Btatter.
1284 3923 1336 3973 Bet.
1351 3923 1402 3973 IV.
1435 3922 1533 3972 Norat.
1549 3919 1622 3971 1804.
1641 3919 1695 3970 4⁰.

351 4021 415 4071 asp·
433 4003 490 4068 92.)
512 4007 572 4056 sine
597 4008 718 4056 auctoris
741 4009 851 4058 nomine
876 4009 1066 4073 depromptum
1090 4008 1228 4057 distichon
1252 4008 1362 4056 Eobani
1385 4009 1470 4058 Hesai
1493 4011 1549 4070 est,
1574 4023 1607 4056 ex
1626 4007 1679 4056 m-

321 4133 323 4137 .
390 4092 538 4154 sponsione
557 4093 592 4140 ad
610 4092 727 4141 Hutteui
745 4092 900 4156 Epistulam
920 4092 1011 4142 italiae
1029 4107 1056 4142 v.
1072 4090 1129 4141 133.
1144 4108 1183 4157 sq.
1198 4092 1263 4153 (vai.
1278 4093 1300 4141 Ι.
1314 4109 1339 4157 p.
1356 4091 1424 4158 117.)
1445 4098 1617 4157 excerptum:

877 4211 965 4260 HVL.
986 4211 1044 4259 HV
1048 4210 1200 4260 TTENVS.

593 4299 666 4364 Fer,
691 4291 802 4369 confide
822 4301 888 4365 deo,
910 4314 998 4368 spera
1017 4300 1102 4365 bene,
1125 4299 1236 4354 lubrica
1256 4316 1403 4370 nunquam

661 4383 793 4438 Fortuna
816 4387 846 4438 in
867 4398 977 4437 summo
998 4384 1119 4437 cardine
1140 4389 1220 4437 stare
1243 4390 1345 4452 potest.

974 4530 1021 4589 13.
1051 4531 1095 4586 Η.

459 4648 567 4711 Nequid
585 4647 656 4712 quod
675 4648 710 4697 ad
729 4662 825 4697 manus
843 4647 924 4696 nobis
943 4652 986 4695 est
1004 4647 1231 4710 epigrammatum
1246 4646 1440 4712 neglegamus,
1461 4647 1586 4698 addimus
1599 4649 1683 4697 etiam

459 4814 470 4846 ⁴
488 4830 513 4865 v.
529 4814 580 4880 m]
595 4818 653 4867 Hae
663 4833 753 4881 parum
766 4819 891 4866 adcurate
902 4816 993 4865 dietum
1006 4830 1069 4871 esse,
1088 4830 1124 4864 en
1136 4819 1191 4878 ipso
1204 4790 1339 4877 diplomate
1352 4817 1421 4880 quod
1431 4822 1477 4865 vot.
1492 4816 1514 4865 1.
1527 4833 1553 4881 p.
1571 4814 1625 4866 14³.
1640 4832 1686 4867 ex·

391 4899 524 4956 imeritus,
542 4902 607 4949 ratis
624 4902 743 4965 adparet.
813 4901 824 4932 ⁹
842 4916 867 4951 v.
884 4897 1012 4963 15.l.Naa
1030 4902 1128 4962 {epotus
1147 4899 1268 4961 Cresuria,
1286 4901 1335 4948 sed
1351 4900 1383 4947 ab
1396 4900 1443 4949 noe
1454 4903 1571 4950 desertus
1584 4903 1608 4949 ia
1623 4902 1685 4950 Het-

391 4989 481 5033 eettam
500 4992 604 5033 venerat
618 4987 754 5035 Huttenua.
775 4985 819 5035 Cf.
833 4984 954 5037 Burckh.
968 4985 1004 5033 11.
1019 5000 1044 5048 p.
1058 4984 1117 5031 24⁶2.
1132 4984 1183 5032 111.
1198 4999 1223 5047 p.
1237 4981 1297 5033 289.
1345 4981 1396 5014 '¹¹¹²
1413 4999 1457 5034 vv.
1474 4984 1512 5033 17.
1522 4982 1573 5049 m]
1594 4986 1686 5034 Nasum

392 5070 491 5134 quidem
507 5070 556 5118 aed
572 5085 622 5118 non
639 5085 731 5121 aerum.

1396 5112 1649 5214 asr'x
