4367 6084
501 754 700 806 cccxxxtlt.
714 769 834 806 seonotn
848 769 950 805 suasus
964 770 1107 805 novensis
1120 769 1295 805 Asesntnnns
1308 770 1441 807 nvssem.
1543 739 1616 816 267

323 942 450 999 corpore
471 926 576 985 misere
598 927 706 998 afficto
720 943 836 1000 semper
851 929 967 985 uersari
984 928 1013 983 in
1030 927 1227 1000 lippocanstis.
1260 926 1380 985 Interea
1399 927 1524 986 discedit
1537 928 1617 987 ilnt-
1628 937 1686 986 §.to

323 1034 408 1087 leuas
436 1028 628 1086 Mittltnsinrn.
679 1036 787 1086 sitierat
811 1029 1064 1102 Eppitendarpius
1092 1044 1181 1101 quam
1204 1027 1336 1099 feliciter
1362 1031 1482 1101 elapsus
1509 1037 1620 1088 essete

319 1131 477 1203 periculis.
519 1146 555 1187 ea
577 1146 626 1188 res
645 1130 719 1187 milri
739 1131 913 1202 oolttptatem
935 1131 1047 1187 attulit:
1080 1131 1159 1187 testis
1177 1131 1258 1188 >enim
1276 1146 1339 1188 esse
1355 1137 1452 1203 potest
1472 1130 1619 1203 Eppium-

325 1233 468 1305 dorpius,
490 1247 536 1289 me
556 1231 588 1288 id
606 1232 744 1304 temporis
765 1232 852 1287 etiam
873 1232 972 1288 arnaco
993 1232 1105 1289 solicito
1123 1229 1220 1302 fuisse
1241 1232 1351 1304 nequid
1370 1233 1521 1290 accideret
1538 1233 1619 1291 Hat-

307 1342 391 1392 steno
410 1350 496 1392 secus
513 1349 602 1405 qnam
625 1334 770 1390 vellemus.
807 1332 914 1404 Itaque
935 1348 1023 1404 qttum
1045 1348 1078 1390 eo
1100 1333 1252 1391 rediturus
1270 1339 1344 1390 esset
1358 1332 1686 1409 Eppliendorpiassdt.
1764 1406 1766 1410 Ι

324 1437 514 1494 oneravimus
534 1450 600 1492 enm
620 1433 786 1502 mandatis,
807 1434 980 1492 admoneret
997 1431 1172 1505 llnttcnnm,
1194 1450 1231 1491 ne
1252 1436 1409 1518 semeritttte
1430 1451 1486 1492 sna
1508 1437 1619 1493 ocnirct

325 1539 356 1595 in
378 1536 503 1609 aliquod
521 1537 702 1609 periculum,
725 1550 783 1591 noa
807 1534 884 1591 enim
908 1534 1007 1591 deesse
1029 1536 1081 1606 qui
1102 1542 1283 1593 verteremur
1304 1538 1400 1605 illum,
1423 1537 1545 1596 ltalmret
1562 1554 1617 1594 su-

324 1646 428 1712 specta
449 1639 557 1696 omnia.
595 1635 757 1693 dediderat
777 1635 905 1694 libellam
925 1635 1074 1707 quendam
1097 1638 1126 1693 in
1145 1637 1290 1696 medicum
1308 1637 1396 1695 laires
1412 1639 1507 1711 turbis,
1524 1642 1687 1713 planes-¹2.

325 1739 495 1797 ridiculum.
538 1737 672 1795 mirabar
696 1737 782 1809 apud
802 1736 1087 1810 Eppltendorpium,
1116 1738 1195 1795 unde
1221 1740 1266 1796 tta
1289 1740 1319 1796 iu
1343 1738 1456 1805 morbo,
1485 1741 1515 1797 in
1536 1748 1619 1798 trinta

307 1856 428 1899 onerum
458 1842 596 1911 anqusttu
623 1846 736 1896 tantum
760 1839 831 1908 ocii,
860 1845 892 1894 at
917 1837 1033 1895 luderet
1056 1839 1164 1896 talibus
1191 1838 1304 1897 libellis.
1348 1835 1512 1913 Respondit
1536 1843 1619 1899 illum

327 1942 435 2000 talibus
462 1943 533 2000 iocis
561 1957 687 1999 nrocnre
716 1941 846 1997 animum
872 1954 965 1996 sunm.
1008 1939 1145 2009 atatam,
1173 1943 1308 2013 inquam,
1337 1943 1421 1999 illum
1449 1942 1507 2001 lum
1533 1949 1620 2002 catate

324 2045 383 2102 sili
404 2044 548 2115 deliperet
568 2042 692 2115 aliquod
710 2046 930 2113 amonentem,
957 2043 987 2098 in
1013 2056 1070 2112 quo
1090 2057 1195 2099 neruos
1213 2057 1312 2099 omnes
1337 2044 1450 2113 inpenii
1468 2045 1619 2118 expediat,

325 2155 354 2204 et
371 2163 429 2219 per
450 2145 531 2217 quod
550 2143 663 2202 honesti
683 2143 808 2201 nominis
829 2145 999 2200 memoriam
1020 2146 1200 2201 transmittat
1220 2144 1263 2200 ad
1277 2150 1418 2216 posteros.
1456 2145 1620 2219 Respondit

326 2247 579 2321 Epplecndorpins
602 2247 683 2302 illum
707 2252 796 2302 totum
824 2245 855 2300 in
877 2243 931 2301 noc
957 2260 1032 2315 esse,
1059 2251 1091 2302 nt
1115 2248 1212 2303 stilum
1238 2245 1408 2304 absolueret.
1451 2246 1525 2304 llice
1547 2246 1685 2310 damen.

307 2365 379 2421 sepo
401 2351 530 2422 simplex
553 2356 582 2405 et
606 2346 755 2405 candidas
782 2346 895 2403 arnicas
917 2346 1027 2403 solicite
1049 2362 1133 2405 uerso
1151 2362 1209 2420 pro
1230 2362 1292 2404 neco
1315 2346 1457 2413 lluttcno,
1476 2348 1560 2406 redit
1581 2348 1619 2405 air

325 2453 376 2508 illo
396 2449 647 2524 Eppliertdorpius
673 2449 861 2507 annuncians
883 2445 1042 2505 Hntlennm
1063 2448 1247 2507 veliementer
1273 2450 1304 2505 ia
1326 2464 1371 2506 me
1392 2449 1573 2508 stomachari
1592 2457 1621 2508 ct

326 2553 423 2609 nescio
444 2550 519 2623 qnid
539 2552 648 2607 atrocis
668 2549 761 2606 tioettt
777 2547 934 2604 adrasum
957 2563 1003 2606 mc
1022 2548 1132 2608 labem
1151 2551 1182 2607 in
1201 2549 1346 2608 matribus.
1381 2550 1427 2608 Ea
1447 2568 1496 2608 res
1515 2558 1548 2608 nt
1566 2551 1620 2609 olr-

324 2655 389 2726 tiqit
417 2658 531 2726 prater
561 2652 696 2709 meritum
726 2657 755 2707 et
783 2651 1030 2722 expectationem,
1060 2653 1187 2709 nouitate
1213 2653 1279 2726 ipsu
1304 2653 1462 2725 percelluit
1487 2654 1617 2710 animum

324 2770 430 2812 meum.
471 2752 600 2825 lloqanti
619 2752 693 2825 quid
705 2758 780 2809 esset
792 2766 905 2816 causta,
928 2752 1080 2824 respondit
1095 2753 1347 2828 Eppliendorpius
1362 2754 1417 2813 lroc
1435 2770 1524 2813 urere
1536 2756 1618 2812 ¹itlius
1628 2759 1647 2809 l.
1658 2762 1686 2804 n.

307 2858 472 2925 minimum,
495 2854 575 2928 qnod
600 2868 657 2911 non
678 2858 753 2910 esset
773 2853 919 2910 admissus
941 2853 985 2909 ad
1004 2855 1189 2927 colloquium.
1235 2856 1336 2929 Atqui,
1358 2857 1494 2929 inquam,
1517 2856 1618 2915 aiebas

325 2959 407 3015 ittam
436 2956 491 3014 lioc
518 2955 587 3014 lrorii
613 2956 777 3013 consulere.
827 2954 949 3024 Verum,
978 2955 1086 3028 inquit,
1115 2957 1169 3014 sed
1193 2964 1296 3029 postea
1319 2972 1408 3029 quarn
1431 2957 1516 3029 abiit,
1544 2960 1618 3016 mire

325 3061 414 3131 capit
433 3057 559 3128 offendi,
582 3073 637 3115 nee
659 3057 775 3114 uidetur
794 3072 880 3129 posse
896 3057 1030 3129 placari.
1064 3056 1131 3114 Iam
1152 3059 1177 3115 is
1196 3073 1299 3115 rumor
1317 3059 1408 3115 latins
1422 3061 1509 3117 etiam
1525 3067 1690 3133 spor-§.tu

322 3160 458 3231 petatur,
481 3160 557 3217 adeo
579 3164 611 3216 ut
628 3157 741 3216 Beatus
760 3162 874 3231 quoqne
887 3156 1051 3215 atnuenus
1071 3160 1201 3217 solicitus
1220 3158 1318 3216 adiret
1338 3173 1393 3216 me.
1434 3160 1460 3217 is
1479 3176 1525 3218 mc
1541 3178 1618 3234 per-

324 3264 454 3319 mittente
469 3263 596 3319 necersit
610 3268 638 3318 et
653 3258 929 3332 Epplrendorpium.
966 3261 1150 3316 consultatur
1171 3259 1209 3318 de
1230 3260 1369 3318 remedio.
1412 3263 1555 3334 respondi
1574 3277 1619 3319 me

307 3379 382 3421 snon
403 3380 489 3437 posse
507 3368 657 3436 prtcstare
677 3360 751 3433 quid
771 3360 841 3417 linia
862 3367 915 3416 aut
935 3361 981 3416 itti
1000 3359 1092 3416 salrita
1113 3361 1212 3417 ueniat
1229 3363 1259 3417 in
1281 3368 1423 3428 mentem·
1454 3362 1528 3420 mint
1547 3366 1619 3420 satis

324 3465 488 3538 essequod
509 3466 639 3522 animum
659 3468 799 3536 prastem
820 3461 871 3518 cui
890 3475 974 3517 nemo
995 3462 1098 3517 rnerito
1120 3464 1213 3533 possit
1232 3463 1333 3520 irasci.
1370 3461 1456 3519 ‘Nom
1477 3463 1557 3535 qnod
1577 3464 1620 3521 ad

322 3569 500 3639 eotloqainm
523 3567 638 3634 attinet,
660 3571 692 3621 ta
709 3565 776 3620 scis'
799 3564 920 3635 inquam
939 3562 1181 3635 ‘Eppleendarpi,
1203 3579 1292 3635 qnam
1314 3566 1428 3621 nullam
1451 3563 1559 3622 audeat
1585 3567 1615 3622 iu

323 3686 370 3727 me
390 3667 598 3726 stomachandi
617 3661 757 3724 cansam.y
798 3665 896 3722 l'isum
916 3670 960 3722 est
980 3664 1053 3733 iltis,
1080 3670 1112 3721 at
1135 3664 1281 3723 Huttcmus
1301 3672 1459 3737 antequam
1480 3666 1617 3740 prodiret
1627 3673 1685 3721 §.ta

322 3770 407 3839 tiber,
433 3771 535 3841 aliqua
556 3772 734 3842 placaretur
752 3767 885 3839 epistola.
923 3764 1076 3852 Respondi
1095 3766 1169 3824 milei
1187 3767 1283 3825 uideri
1308 3769 1447 3841 optimum
1474 3768 1616 3826 dissinna-

307 3875 407 3930 rtarc:
441 3887 510 3927 nom
529 3870 673 3928 eiusmodi
690 3870 811 3939 inpenr'a
831 3874 891 3925 tum
913 3869 1044 3926 manime
1060 3866 1208 3939 ferocire,
1233 3870 1326 3941 siquis
1344 3875 1465 3928 conetur
1481 3872 1615 3944 placare.

321 3989 412 4046 qintm
435 3974 480 4031 itti
501 3973 698 4031 consentirent
718 3985 738 4027 a
758 3985 804 4027 mc
826 3971 1042 4041 dissentientes,
1066 3965 1200 4044 *scripsi
1218 3968 1347 4030 Hutteao
1368 3988 1463 4030 meam
1485 3974 1615 4031 antimum
1627 3979 1684 4029 stt·

322 4077 435 4132 nullius
455 4076 528 4131 mali
543 4073 600 4130 siiri
619 4073 767 4131 consciam
786 4089 865 4139 essc,·
896 4072 996 4144 siquid
1012 4071 1096 4143 salso
1113 4072 1244 4130 delatam
1265 4079 1339 4131 essct
1358 4081 1410 4131 ant
1430 4077 1544 4148 alioqui
1562 4091 1617 4133 su-

321 4178 506 4249 spicaretur,
533 4174 738 4248 expostularet
758 4174 902 4246 priuatim
931 4189 987 4245 per
1014 4174 1186 4246 epistolam:
1221 4180 1266 4232 mc
1288 4190 1346 4232 non
1369 4176 1519 4247 dubitare,
1546 4178 1618 4250 quin

321 4280 368 4335 illi
392 4293 452 4350 per
480 4278 579 4333 eirardo
606 4273 818 4346 satisfacturus
845 4289 946 4332 essem.
996 4276 1202 4332 consideraret
1227 4277 1344 4334 interim
1368 4271 1431 4334 *an
1461 4279 1516 4335 luoc
1539 4280 1620 4350 quod

307 4375 484 4447 suzottraur,
514 4379 693 4437 conduceret
716 4376 845 4450 publicis
870 4374 989 4445 stadiis,
1017 4379 1138 4447 neqocio
1162 4379 1331 4447 etranqelico
1358 4392 1396 4433 ac
1420 4377 1507 4435 rebus
1529 4381 1616 4435 etiam

320 4483 428 4554 ipsius,
457 4487 488 4537 nt
507 4487 566 4537 tum
588 4478 743 4537 anhelant.
788 4475 853 4534 Non
876 4491 922 4532 me
948 4490 1014 4532 mea
1038 4474 1153 4544 fefellit
1177 4478 1293 4549 opinio:
1328 4471 1452 4533 *retatit
1470 4478 1684 4550 appleri-sss.

321 4582 448 4654 dorpins
474 4583 627 4653 epistolam
649 4580 880 4637 atrocissimam:
911 4577 970 4633 iam
994 4575 1071 4632 araim
1091 4576 1281 4634 existimabat
1300 4592 1345 4634 me
1366 4577 1510 4636 nominem
1529 4582 1616 4637 meti-

320 4685 453 4741 cntosnm
472 4681 635 4752 formidine
655 4689 797 4746 tremere,·
830 4674 992 4751 *proponit
1013 4677 1125 4748 aliquot
1143 4678 1245 4750 capita
1262 4678 1433 4747 criminum,
1454 4680 1534 4751 qnod
1553 4681 1614 4736 Ca-

317 4787 449 4858 pitonem
471 4783 618 4857 Capnioni
645 4784 675 4840 in
702 4782 796 4839 literis
816 4779 973 4837 Hebraicis
994 4778 1199 4849 praetulerim·
1233 4779 1313 4849 qnod
1336 4779 1431 4851 ipsam
1456 4779 1615 4838 Huttennm

307 4887 352 4942 tin
374 4885 498 4956 epistola
521 4885 564 4940 ad
582 4883 791 4941 Hoclistrattan
811 4878 1061 4954 perstrinxerim·
1093 4878 1174 4949 quod
1194 4877 1340 4950 Cttpiuioni
1361 4880 1499 4952 pertidia
1521 4881 1616 4939 labem

388 5064 400 5097 ²
419 5066 567 5116 Maitonion
620 5068 630 5097 ’³
649 5046 793 5129 medicum]
814 5062 964 5112 Osvaldum
982 5061 1102 5112 Boram?
1126 5061 1160 5113 de
1180 5077 1232 5128 qno
1249 5061 1313 5112 vido
1332 5077 1415 5128 supro
1434 5079 1459 5127 p.
1473 5062 1531 5114 213.
