4367 6084
366 742 537 792 cccxctv.
559 738 645 806 [rvsrr
659 738 751 806 nunu]
771 757 808 790 sn
820 750 981 791 sronocruu
995 756 1053 789 roa.
1067 755 1150 791 cnorr
1164 755 1287 791 evenant
1301 756 1463 793 ussronsro.
1484 752 1542 794 tttt.
1579 731 1649 802 461

366 925 435 978 tuae,
464 934 513 989 per
540 933 619 989 quam
648 914 773 970 facillima
803 914 857 975 via,
891 914 1004 968 ridendo
1030 912 1134 968 scilicet
1157 920 1186 968 ct
1212 912 1343 975 ludendo,
1374 916 1400 970 in
1435 917 1567 989 optimum
1600 928 1654 975 sta·

366 1011 421 1056 tum
445 999 482 1071 (ni
506 999 597 1069 lallor)
623 999 835 1055 restituerentur
861 999 947 1053 diviua
980 998 1149 1069 bumanaque
1178 999 1275 1052 omnia.
1320 1016 1382 1054 raro
1402 1016 1462 1055 cras
1491 1001 1518 1055 iu
1543 1002 1653 1076 templo,

365 1104 428 1140 raro
451 1086 478 1139 in
501 1084 609 1145 sclrola,
633 1083 698 1156 quin
722 1083 748 1136 in
770 1100 830 1139 cera
850 1089 995 1137 annotares
1013 1080 1082 1137 belle
1104 1090 1131 1136 et
1153 1079 1241 1154 lepide
1260 1091 1287 1138 et
1306 1083 1400 1138 festive
1425 1084 1508 1146 dicta,
1530 1088 1653 1158 quredaru

331 1201 333 1205 ·
365 1163 478 1225 ridicule
500 1169 623 1229 detorta,
652 1166 750 1240 quibus
774 1184 896 1222 erescere
919 1173 1012 1239 posset
1032 1182 1102 1239 opus
1124 1164 1334 1238 pulcherrimum
1355 1175 1383 1221 et
1409 1169 1565 1240 posteritati
1589 1188 1653 1242 pro·

341 1254 500 1308 sluturum:
522 1253 560 1307 sie
580 1251 651 1306 enirn
674 1259 736 1338 nge
759 1267 905 1323 persuasus
925 1268 1000 1312 cras,
1024 1258 1076 1303 tarn
1096 1250 1194 1323 impios
1209 1257 1236 1305 et
1258 1250 1451 1307 abominabiles
1466 1271 1525 1308 esse
1544 1253 1652 1316 abusus,

365 1346 439 1392 territa
464 1336 564 1408 llagitia
586 1344 614 1390 et
634 1333 735 1390 seelera
758 1335 784 1389 iu
805 1335 922 1389 lloruanu
944 1335 1030 1395 Curia,
1048 1340 1076 1387 et
1096 1333 1142 1388 illo
1167 1341 1226 1390 toto
1254 1335 1349 1390 ordine
1370 1334 1546 1398 clericorum,
1571 1347 1601 1393 ut
1620 1340 1653 1393 ad

363 1420 537 1476 deridendum
560 1427 588 1475 et
610 1419 800 1491 exagitandum
818 1418 978 1491 propinandi
1004 1419 1051 1473 tibi
1073 1419 1190 1492 l'apistrn
1214 1419 1338 1474 omuibus
1361 1420 1524 1476 viderentur.
1698 1408 1704 1420 ’

448 1505 486 1559 Ad
510 1504 568 1560 lnec
588 1512 617 1559 tu
639 1521 707 1558 nnus
728 1511 755 1557 et
779 1503 883 1575 primus
903 1520 971 1575 pene
1000 1502 1100 1558 author
1128 1520 1188 1557 eras
1210 1503 1342 1564 llnttcuo,
1369 1504 1414 1576 qui
1437 1505 1722 1562 Lutlreranaruml·tt.

364 1590 482 1663 partium
503 1596 662 1645 constanter
681 1587 779 1642 mausit
801 1604 888 1660 usque
911 1588 938 1641 iu
965 1586 1056 1649 linem,
1085 1595 1115 1642 ut
1140 1587 1167 1642 iu
1186 1587 1327 1643 Germania
1358 1589 1391 1642 ad
1420 1591 1553 1645 vexandos
1581 1593 1653 1646 omni

331 1684 356 1723 ro
367 1690 467 1744 genere
490 1681 667 1728 scommatum
690 1671 839 1744 Episcopos
858 1672 969 1727 llomani
991 1669 1123 1749 lesquilli
1145 1670 1297 1727 libertatem
1324 1679 1351 1727 ct
1378 1671 1545 1745 παρρησίαν
1566 1675 1655 1731 imita·

365 1766 450 1812 retur.
496 1757 561 1812 lline
583 1764 645 1812 ante
662 1763 786 1811 exortum
805 1755 887 1810 etiam
909 1756 1071 1817 botherum,
1095 1755 1217 1829 adeoque
1239 1755 1427 1812 antenorem
1451 1757 1523 1812 illam
1542 1757 1654 1823 Erasini,

365 1842 499 1897 foeminam
529 1842 637 1896 minime
663 1848 779 1900 mutam,
802 1841 896 1894 omnin
924 1839 1082 1913 bibliopolis
1111 1838 1190 1913 plena
1217 1848 1294 1894 eraut
1322 1841 1419 1896 vestris
1448 1841 1502 1897 illis
1524 1842 1653 1899 aculeatis

365 1926 612 1999 scriptis,·vcstris
635 1924 852 1998 epigrammatis,
881 1924 925 1979 nbi
945 1925 1055 1980 omuino
1076 1941 1172 1995 magna
1196 1922 1321 1980 libertate
1340 1924 1372 1979 de
1394 1942 1493 1999 pompa
1515 1926 1654 1984 immodica

365 2010 477 2065 Romani
500 2009 652 2148 pont‘pficis,
671 2010 703 2064 de
722 2007 785 2064 luxu
810 2009 887 2080 regio
906 2008 1100 2070 Gardinaliuur,
1124 2009 1157 2063 de
1178 2008 1393 2064 scortacionibus
1415 2009 1598 2072 Sacerdotem,
1621 2013 1654 2067 de

332 2101 358 2158 ¹.⁵
369 2093 435 2148 lalsa
452 2094 542 2167 inopia
558 2093 757 2154 lonaclrorum,
780 2110 850 2148 nuuc
866 2094 984 2166 Satyrae,
1008 2109 1078 2148 nnnc
1093 2092 1197 2164 Dialogi
1213 2092 1351 2154 extabant,
1375 2111 1490 2166 quorum
1507 2104 1535 2149 tu
1555 2095 1655 2152 author

366 2195 440 2239 eras,
469 2180 514 2233 sed
547 2177 670 2233 occultus
699 2185 814 2250 propter
842 2187 951 2232 metum.
995 2176 1060 2231 Plus
1085 2177 1175 2232 dcutis
1198 2184 1303 2254 tamen,
1330 2176 1392 2249 plns
1415 2179 1525 2250 ungium
1550 2180 1589 2234 tui
1612 2180 1722 2238 iiiii-2².

365 2261 477 2317 Obscnri
498 2262 552 2316 Viri
577 2261 718 2322 trabebant,
742 2279 821 2334 quam
844 2270 942 2316 creteru
966 2262 1068 2321 omnia,
1092 2270 1119 2315 ot
1142 2260 1292 2321 lluttenns,
1316 2263 1356 2315 vir
1377 2262 1443 2317 alias
1467 2264 1589 2318 facundia
1608 2282 1652 2320 cx·

364 2344 472 2401 cellenti
495 2355 523 2402 et
546 2346 677 2403 facilitate
699 2346 725 2400 in
754 2345 886 2418 poematis
907 2363 993 2418 prope
1018 2346 1120 2407 divina,
1150 2362 1207 2417 prae
1232 2352 1257 2400 tc
1284 2363 1312 2400 m
1336 2344 1384 2400 illo
1406 2364 1522 2418 genere,
1547 2349 1655 2420 quoties

357 2428 532 2492 danliuales,
562 2431 689 2503 Episcopi
715 2430 851 2485 mordicus
880 2428 1025 2503 arripiendi
1050 2437 1142 2492 eraut,
1175 2429 1284 2501 quoties
1309 2430 1499 2502 proscindendi
1527 2432 1653 2505 Papistae,

329 2524 460 2587 toparnm
483 2515 584 2576 salsus,
606 2532 702 2587 parum
722 2514 848 2575 festivus,
869 2532 964 2587 parum
987 2514 1105 2569 disertus
1128 2512 1219 2569 baberi
1240 2521 1356 2586 poterat,
1399 2515 1432 2570 Et
1450 2514 1495 2570 illa
1511 2516 1569 2588 ipsa
1583 2519 1656 2589 Apo·

366 2598 457 2670 logia,
488 2617 568 2672 quam
591 2616 662 2654 utine
685 2616 735 2671 pro
758 2598 991 2654 ltevereudissimo
1014 2597 1055 2668 (ut
1077 2597 1199 2669 simulas)
1231 2598 1378 2671 scripsisti,
1410 2599 1537 2671 frigidior
1566 2609 1593 2654 et
1627 2602 1654 2655 in

366 2682 491 2738 omnibus
514 2685 571 2738 suis
594 2682 717 2756 partibus
740 2683 895 2753 languidior
916 2691 972 2744 est,
1001 2683 1083 2755 quod.
1102 2684 1150 2737 tibi
1181 2699 1236 2737 uon
1258 2681 1322 2738 lieet
1344 2681 1427 2738 relabi
1451 2684 1483 2738 ad
1506 2683 1652 2757 ingenium,

366 2766 438 2840 quod
460 2784 491 2822 ea
513 2767 622 2823 laudare
641 2768 749 2839 cogeris
772 2775 879 2829 coacta,
901 2768 990 2823 ieiuna
1012 2776 1039 2822 et
1063 2767 1189 2823 tussicuti
1209 2766 1381 2840 eloquentia,
1412 2786 1472 2840 qum
1496 2785 1547 2841 pro
1569 2769 1652 2826 ductu

365 2869 396 2906 ac
417 2851 520 2924 inipetu
545 2852 628 2907 insito
655 2860 759 2907 naturae
784 2860 837 2906 tuae
861 2851 939 2924 plena
962 2869 1027 2907 voce
1049 2852 1138 2907 ridcrc
1161 2861 1188 2906 et
1210 2850 1377 2907 subsannare
1399 2852 1501 2907 malles.

330 2944 356 2982 2⁵
449 2937 587 2991 l'metcreo
615 2935 715 2991 multos
744 2937 812 2992 elios
836 2937 934 2992 l'oetas
963 2937 1085 2992 eruditos
1114 2937 1227 3009 passim,
1261 2953 1330 3008 quos
1358 2936 1472 2992 occultis
1499 2936 1653 2995 sollicitasti
1664 2954 1723 3003 sea.

364 3018 494 3092 Epistolis
515 3030 543 3076 ct
566 3020 683 3075 invitasti
702 3021 735 3076 ad
751 3021 875 3076 ridendas
897 3020 1023 3077 Ecclesiae
1045 3021 1179 3076 llomauas
1202 3037 1323 3092 puppas,
1349 3012 1456 3093 semper
1477 3021 1654 3077 vehementis·

366 3104 433 3159 sime
455 3105 627 3166 adhortatus,
652 3112 681 3159 ut
701 3104 738 3159 ibi
761 3105 811 3160 sibi
835 3104 932 3160 liberet
955 3104 1095 3159 intendere
1118 3122 1216 3159 nervos
1238 3110 1264 3157 et
1288 3104 1357 3158 vires
1380 3104 1491 3176 ingenii.
1536 3114 1563 3159 et
1584 3106 1654 3163 baud

365 3188 437 3248 seio,
465 3206 498 3243 au
520 3188 604 3244 ullum
627 3189 707 3243 buius
735 3188 820 3244 seculi
848 3190 979 3261 scriptum
1003 3189 1041 3242 sic
1062 3187 1200 3260 Papistieo
1223 3203 1309 3258 regno
1331 3188 1469 3249 nocuerit,
1499 3189 1538 3243 sic
1566 3191 1654 3244 omnia

289 3314 299 3326 .
365 3272 498 3345 Papistica
518 3273 629 3328 ridicula
653 3273 814 3334 reddiderit,
838 3282 868 3328 ut
891 3273 929 3328 tui
953 3271 992 3326 illi
1008 3271 1121 3327 Obscuri
1138 3271 1208 3331 Viri,
1231 3271 1277 3344 qui
1299 3273 1388 3325 ornnia
1410 3271 1518 3326 minima
1543 3274 1655 3328 maxima

330 3354 527 3413 ³⁰clerieorum
546 3364 685 3414 verterunt
706 3357 732 3412 in
754 3358 848 3412 risum.
1263 3378 1265 3380 ’

450 3442 517 3507 tluid
534 3451 624 3497 autem
639 3442 672 3497 dc
688 3441 838 3496 Christiana
861 3449 888 3495 ct
911 3457 977 3502 vera,
996 3439 1129 3512 religione
1152 3439 1267 3499 sentias,
1291 3455 1370 3510 quam
1392 3438 1464 3494 serio
1487 3439 1514 3494 in
1536 3441 1721 3515 scriptu-§.rc

366 3525 527 3580 rissanctis
550 3525 678 3586 verseris,
709 3525 817 3581 iuterim
840 3525 933 3580 tacebo
955 3533 982 3580 ct
1003 3525 1035 3579 ud
1064 3524 1143 3581 aliam
1170 3523 1289 3579 differam
1313 3522 1475 3595 Epistolam,
1508 3524 1534 3578 iu
1557 3524 1610 3598 qua
1631 3527 1653 3581 si

367 3609 403 3664 ita
427 3608 517 3670 voles,
539 3610 681 3682 colloquar
707 3619 794 3666 tecum
816 3609 966 3666 cuiusmodi
990 3607 1165 3681 Tlreologiam
1188 3617 1216 3663 m
1237 3607 1344 3681 Epicuri
1366 3607 1502 3663 Paradora
1524 3625 1556 3664 ex
1578 3609 1653 3665 ltalia

367 3702 455 3749 tecum
481 3693 620 3756 attuleris,
648 3696 725 3751 cuius
754 3695 849 3750 fidncia
877 3712 948 3749 nune
973 3693 1106 3749 nostratia
1129 3692 1288 3749 contemnis.
1333 3692 1418 3747 Taceo
1442 3698 1502 3747 tuas
1524 3710 1653 3749 censuras
1664 3707 1722 3756 §.en

331 3786 395 3832 ³⁵et
414 3778 540 3834 iudicium
560 3779 695 3850 grave-dc
719 3779 777 3833 lure
799 3779 933 3836 Canonico
953 3787 981 3834 et
996 3778 1176 3834 Romanorum
1199 3775 1356 3851 pontificum
1379 3775 1494 3849 legibus,
1514 3795 1581 3850 quas
1603 3779 1654 3833 ‘ius

365 3862 545 3918 combustum'
563 3864 637 3919 miro
659 3881 720 3920 cum
743 3863 799 3919 risu
819 3862 957 3937 appellare
979 3861 1095 3924 solebas,
1117 3862 1268 3936 dequibus
1289 3861 1454 3918 consuevisti
1476 3862 1574 3923 dicere,
1597 3878 1652 3918 non

365 3947 432 4002 satis
449 3946 548 4019 dignos
568 3965 616 4002 eos
637 3946 722 4003 libros
741 3948 956 4004 Romanistarum
972 3965 1041 4009 esse,
1065 3947 1112 4019 qni
1130 3948 1311 4003 Romanorum
1327 3945 1505 4003 Cardinalium
1528 3945 1609 4002 mulis
1629 3955 1656 4002 et

365 4030 448 4085 asinis
471 4030 714 4088 substernerentur
734 4050 785 4106 pro
808 4034 951 4094 stramine,
977 4050 1035 4107 prae
1056 4031 1156 4106 quibus
1177 4033 1334 4088 Ciceronem
1345 4023 1477 4087 'iunctum
1500 4030 1655 4105 apostolum

365 4123 393 4169 et
413 4116 502 4171 verius
526 4116 674 4171 Romanum
693 4117 847 4190 pontificem
870 4136 950 4191 qnam
969 4118 1088 4174 Leonem
1109 4117 1244 4174 Decimum
1264 4116 1381 4173 dicebas.

367 4280 569 4289 ——u—

433 4378 574 4444 lmansit}
595 4381 649 4429 Sed
667 4379 888 4431 Lutberanarum
911 4381 1032 4446 partium
1055 4387 1118 4446 post
1140 4396 1240 4431 annum
1259 4380 1366 4430 demum
1386 4380 1459 4431 1518.
1484 4396 1545 4431 esse
1564 4381 1658 4447 coepit.

366 4464 409 4513 Ci.
423 4480 465 4529 ep.
480 4465 505 4514 d.
520 4464 544 4514 3.
557 4466 622 4529 Apr.
637 4481 661 4513 a.
679 4464 751 4514 1518.
766 4466 801 4514 ed
813 4467 836 4513 N
840 4467 982 4514 uenariuna
1001 4465 1075 4514 dntae
1093 4467 1117 4524 ξ.
1133 4463 1172 4513 lb.
1186 4480 1269 4529 supra
1288 4466 1341 4514 vol.
1355 4467 1376 4514 1.
1391 4482 1417 4530 p.
1434 4465 1489 4513 lot.
1504 4471 1531 4513 et
1544 4467 1657 4530 Expost.

365 4563 388 4596 c.
403 4549 527 4600 Ernsmo.
540 4550 581 4609 ἐξ.
597 4548 652 4596 172.
666 4564 724 4612 sqq.
738 4549 791 4599 vol.
805 4551 842 4598 11.
856 4567 881 4613 p.
895 4548 952 4599 223.
967 4564 1025 4613 sqq.
1090 4548 1111 4580 ¹⁰
1128 4549 1206 4600 Rom,
1219 4547 1366 4614 Pesqnilli]
1387 4550 1405 4597 i.
1420 4565 1444 4597 e.
1458 4549 1562 4614 dialogi
1583 4551 1658 4598 ‘Pus-

365 4631 483 4695 qnillus',
504 4648 583 4696 quem
602 4637 758 4697 repetemus
775 4635 829 4684 vol.
843 4634 909 4683 1111.
956 4630 983 4691 ¹²,
994 4629 1105 4696 vestris]
1125 4632 1244 4682 Nimium
1262 4632 1315 4681 boc
1333 4632 1455 4682 videtur:
1475 4646 1536 4681 cnm
1548 4633 1657 4681 Eresmi

366 4717 456 4765 Morio
475 4722 697 4781 componeretur,
724 4733 796 4767 auno
825 4716 913 4776 laos,
940 4719 1092 4776 Hnttenus,
1118 4717 1259 4766 vicenario
1276 4716 1322 4765 vix
1340 4716 1439 4776 maior,
1464 4721 1560 4765 contre
1579 4717 1659 4765 cleri·

367 4815 459 4848 eorum
484 4802 657 4861 tyrannidem
680 4802 799 4852 nondum
825 4806 1031 4861 exsurrexerat,
1056 4815 1145 4864 neque
1169 4802 1299 4850 octennio
1322 4801 1380 4850 iere
1404 4801 1491 4849 maior
1509 4799 1607 4849 Crotns
1627 4816 1659 4850 co

366 4890 489 4947 tempore
507 4886 653 4934 satirarum
673 4901 783 4934 suarum
802 4887 949 4950 quicquam
968 4885 1169 4950 publicaverat.
1218 4883 1237 4916 ¹⁴
1255 4885 1304 4933 Ro.
1318 4886 1397 4933 Pont.
1413 4886 1437 4933 1.
1484 4886 1660 4935 scortationi-

367 4968 492 5017 bns2.3.
559 4968 579 4999 ¹⁶
597 4970 701 5030 dentis,
721 4976 814 5019 tamen
831 4970 892 5034 plus
909 4983 935 5018 n.
1007 4970 1028 5002 ¹⁹
1046 4975 1158 5030 erontu,
1179 4970 1268 5033 qotics
1282 4972 1306 5017 1.
1370 4968 1391 5000 ²⁸
1410 4971 1548 5019 Romanos
1566 4986 1658 5018 omnes.

314 5033 324 5047 ⁶
364 5050 386 5083 ‘¹
404 5054 441 5102 Et
459 5053 532 5103 hond
551 5051 616 5117 ete]
635 5053 838 5118 subscripserit
856 5053 974 5117 quilibet
997 5054 1078 5104 huius
1103 5056 1235 5120 temporis
1254 5068 1365 5120 gnarus.
1434 5053 1457 5085 ⁸³
1475 5054 1658 5107 moronti.
