4367 6084
526 725 600 798 298
699 740 897 793 cccxxxfll.
913 757 1034 793 sponsu
1047 758 1153 794 sessus
1166 757 1311 794 sonusve
1325 758 1500 794 Asennassss
1514 759 1649 795 nvrnsss.

525 930 624 988 apros,
642 913 820 973 exscindere
836 913 931 988 nrbes,
947 913 1080 990 diripere
1094 931 1173 989 opes,
1191 917 1342 990 depellere
1352 917 1544 991 possessione,
1562 912 1733 976 *Hellenas
1748 917 1821 976 bac-

525 1027 610 1077 tcnus
636 1021 750 1075 tantum
778 1016 938 1075 maledicit
959 1019 1108 1091 pontifici,
1139 1033 1194 1076 nec
1222 1020 1314 1077 ullam
1341 1033 1472 1077 muscam
1492 1018 1711 1078 Romanensem
1739 1022 1825 1098 lant,

458 1121 523 1172 illl·
536 1114 553 1152 *
565 1120 624 1177 nisi
640 1120 778 1192 protinus
799 1121 948 1191 iupnlatos
968 1121 1131 1193 existimat,
1157 1122 1188 1178 in
1217 1137 1289 1194 qaas
1309 1122 1381 1180 iacit
1399 1114 1572 1181 canoniam.
1617 1115 1711 1180 *Sed
1728 1123 1820 1180 rideat

525 1238 565 1279 an
598 1221 743 1294 expediat
774 1223 881 1279 iritare
913 1236 985 1293 quos
1012 1223 1128 1281 iritntos
1161 1221 1219 1281 n'on
1251 1239 1342 1295 queas
1371 1225 1547 1296 opprimue.
1592 1222 1820 1281 *Romanenses

523 1331 662 1398 optarent
675 1338 792 1397 semper
811 1323 868 1381 sibi
887 1325 962 1381 tales
983 1322 1091 1397 nostes,
1113 1327 1211 1398 airolis
1230 1331 1276 1383 est
1295 1324 1450 1384 Hnttenas.
1498 1325 1609 1395 Qitodsi
1627 1327 1741 1385 malum
1756 1324 1836 1384 Ilo-s

524 1442 623 1485 incenia
645 1428 740 1485 curin
766 1441 824 1483 non
845 1431 973 1498 poterat
985 1427 1074 1484 aliter
1095 1429 1204 1485 sanari
1223 1442 1312 1499 quam
1336 1427 1439 1485 bellico
1462 1429 1600 1498 tumultu,
1628 1426 1766 1499 confusis
1785 1443 1821 1484 ac

523 1528 653 1586 subrutis
672 1527 820 1600 amnibus,
842 1542 930 1600 quum
951 1527 1001 1585 bic
1020 1527 1097 1587 nibil
1113 1531 1208 1602 possit
1226 1529 1384 1603 Huttenns,
1406 1531 1500 1586 salins
1518 1537 1587 1586 erat
1605 1530 1706 1587 sium
1727 1516 1765 1619 ab
1783 1509 1821 1586 εὖ

455 1632 522 1683 §.us
535 1626 692 1706 κείμενον
717 1615 823 1695 κακὸν
849 1644 937 1701 paam
964 1635 1046 1687 tanto
1072 1629 1152 1688 orbis
1180 1632 1258 1688 malo
1284 1645 1399 1688 morere
1427 1632 1630 1690 Camerinam.
1675 1625 1820 1689 *Vellem

522 1738 619 1790 niuem
634 1748 674 1789 ex
686 1731 815 1790 Hutteno
827 1712 905 1790 scire
919 1746 992 1804 onos
1004 1733 1121 1804 sentiat,
1137 1733 1248 1804 quoties
1261 1731 1335 1789 dicit
1351 1728 1420 1789 ‘nos’
1435 1742 1465 1790 et
1477 1729 1587 1790 ‘nobis’.·
1598 1709 1671 1789 nam
1684 1732 1741 1791 boc
1747 1749 1819 1807 pro·

522 1835 639 1892 nomine
648 1831 825 1906 frequenter
839 1835 948 1890 utitiu:
970 1849 1010 1891 an
1025 1812 1125 1891 riennes
1138 1835 1191 1904 qai
1203 1848 1317 1904 quoquo
1331 1832 1416 1891 modo
1427 1831 1536 1904 fauent
1546 1833 1677 1892 Leetbero
1695 1841 1726 1892 et
1741 1837 1819 1893 male
1829 1845 1872 1886 ιο

524 1937 624 1995 uolunt
643 1935 777 1994 Romano
794 1930 952 2008 pontifici?
974 1936 1012 1993 At
1029 1950 1084 2007 epo
1103 1934 1187 1993 uideo
1207 1935 1322 1993 uarium
1343 1951 1406 1992 esse
1423 1951 1518 2006 penus
1535 1935 1685 1994 bominum
1708 1938 1739 1993 in
1762 1937 1820 1996 bae
1895 1923 1898 1930 ’

521 2040 634 2097 classe:
653 2042 722 2097 sunt
741 2038 818 2095 enim
842 2036 964 2109 quidam
986 2035 1117 2094 bomines
1139 2035 1230 2106 docti,
1253 2052 1375 2108 meoque
1392 2036 1503 2094 iudicio
1524 2039 1643 2096 minime
1662 2040 1751 2111 mali,
1770 2041 1822 2110 aiei

519 2141 665 2213 pleraque
681 2139 812 2213 probant
825 2146 854 2196 et
866 2144 1010 2212 cuperent
1022 2140 1153 2196 accisam
1169 2155 1231 2196 esse
1246 2137 1377 2196 Romani
1389 2140 1541 2212 pontificis
1558 2145 1742 2213 potestatem,
1761 2156 1818 2198 cn-

418 2238 423 2245 ’
519 2248 626 2315 pereni
639 2257 698 2314 pro
716 2241 869 2300 mundano
886 2241 1028 2314 principe
1048 2240 1197 2298 doctorem
1215 2242 1432 2313 eoanpelicam,
1452 2255 1512 2313 pro
1534 2249 1663 2314 tyranno
1682 2248 1801 2314 patrem
1808 2262 1819 2308 ,-

452 2344 520 2395 tlll·
531 2349 670 2418 optarent
681 2342 836 2402 subuersas
849 2357 966 2400 mensas
979 2343 1133 2400 ementium
1152 2342 1388 2400 accendentium
1407 2343 1438 2399 in
1456 2344 1562 2416 templo
1577 2342 1705 2411 dornini;
1728 2351 1818 2416 opta·
1829 2354 1841 2394 ί
1852 2351 1888 2388 ⁵

520 2451 588 2504 rent
607 2445 785 2504 cobercitam
803 2444 1015 2503 intolerabilem
1043 2444 1258 2517 impudentiam
1285 2444 1599 2515 indulpentiariolum,
1628 2447 1818 2519 compositio-

520 2549 689 2617 nariorum,
723 2546 1074 2619 dispensationariorum,
1108 2545 1303 2604 bullaniorum
1313 2567 1324 2612 ,·
1353 2552 1492 2619 optarent
1522 2548 1644 2604 mantuan
1673 2543 1820 2605 decedere

520 2649 693 2708 cereueoniis
717 2656 746 2704 el
765 2646 842 2704 addi
863 2646 960 2705 studio
979 2663 1059 2705 uerae
1077 2649 1215 2721 pietatis·
1244 2653 1388 2721 cuperent
1405 2648 1554 2720 euanpelii
1571 2649 1716 2720 riporem,
1740 2648 1820 2720 quod

521 2752 582 2808 iam
598 2765 675 2822 pene
695 2748 889 2821 obsoleverat,
912 2749 1104 2816 reuiuiscere-
1124 2754 1268 2823 cuperent
1286 2749 1395 2809 diuina
1415 2752 1576 2824 scripturae
1591 2752 1750 2808 autoritati
1764 2767 1818 2808 ce·

520 2851 591 2910 dere
613 2851 754 2924 dopmata
774 2856 803 2908 et
823 2851 974 2924 opiniones
995 2850 1163 2915 bominum:
1184 2857 1328 2925 cuperent
1345 2850 1495 2909 bumanas
1516 2852 1737 2910 constitutiones
1757 2857 1868 2909 nonio

513 2952 667 3027 proferri
683 2953 847 3027 praecptis
866 2952 932 3020 dei,·
953 2954 1065 3012 nollent
1081 2953 1259 3011 scbolasticn
1274 2954 1395 3012 decreta
1411 2955 1523 3025 anans
1537 2952 1648 3011 babere
1665 2954 1723 3011 uim
1742 2969 1818 3012 ora-

450 3056 605 3122 §.nucula-
631 3054 761 3112 dolentes
776 3056 922 3130 populnm
945 3054 1144 3114 Christianum
1163 3057 1294 3127 procori
1318 3055 1493 3127 quibusdam
1515 3054 1654 3112 burnonis
1672 3057 1818 3114 constitn-

517 3155 655 3228 tionibus,
684 3157 774 3215 ueluti
793 3156 831 3214 de
853 3156 968 3215 delectu
989 3157 1135 3228 ciborum,
1163 3156 1201 3214 de
1220 3157 1407 3215 multitudine
1425 3154 1586 3227 festorum,
1616 3157 1654 3214 de
1675 3173 1818 3216 reserva-

517 3261 595 3318 tione
616 3274 753 3329 casuum,
781 3259 818 3338 de
842 3259 989 3332 prodibas
1009 3260 1193 3330 copnatiom's
1216 3260 1360 3329 astrictis,
1387 3258 1425 3315 de
1450 3259 1625 3331 copnatione
1646 3258 1818 3331 mentuali,-

517 3363 623 3420 oellent
642 3363 730 3420 etiarn
753 3361 894 3434 quadam
916 3361 1050 3420 bumana
1061 3362 1181 3435 placita
1199 3361 1306 3418 cedere
1321 3360 1453 3434 publieoe
1467 3361 1599 3432 utilitati,
1621 3360 1704 3432 quod
1720 3370 1855 3433 penus²⁵

515 3469 560 3522 est
583 3479 624 3523 en
650 3465 712 3522 solo
740 3479 883 3522 consensu
910 3465 991 3522 coire
1017 3464 1254 3530 matrimonium·
1284 3468 1429 3536 cuperent
1448 3463 1600 3536 explicari
1618 3464 1819 3520 conscientias

517 3564 683 3638 bominum,
711 3567 799 3624 nimis
825 3568 923 3623 multis
941 3566 1058 3637 lapiteis
1080 3563 1256 3637 impeditas:
1281 3571 1426 3637 cuperent
1445 3565 1600 3622 conciones
1619 3580 1682 3621 esse
1703 3563 1818 3623 liberas

517 3684 555 3726 ac
574 3674 710 3736 sanctas,
736 3673 880 3740 cuperent
899 3668 1051 3741 episcopos
1072 3648 1126 3738 put
1145 3681 1225 3724 itanc
1245 3680 1358 3737 mapna
1374 3682 1415 3724 en
1430 3673 1523 3740 parte
1544 3665 1621 3723 stibii
1639 3665 1730 3751 aliud
1748 3673 1819 3724 sunt

517 3785 606 3841 paam
620 3768 768 3827 mundani
782 3769 953 3842 principes,
976 3784 1039 3826 esse
1060 3784 1128 3826 nere
1148 3770 1308 3842 episcopos,
1331 3767 1490 3826 monacbos
1513 3766 1618 3840 quibus
1639 3782 1722 3824 nicnc
1741 3767 1818 3825 nillil

447 3876 569 3930 §uuest
586 3869 779 3942 mundanius,
799 3885 861 3927 esse
883 3885 951 3928 uere
970 3868 1137 3928 monacbos.
1180 3869 1224 3928 Hi
1239 3868 1369 3928 Lntliero
1380 3868 1488 3940 facem
1504 3868 1560 3926 boc
1576 3870 1712 3940 nomine,
1735 3869 1819 3941 quod
1825 3880 1853 3920 so

515 3969 595 4028 banc
608 3972 797 4043 prouinciam
817 3968 939 4040 sortiter
957 3972 1096 4030 uideatur
1116 3978 1283 4045 oppressus.
1327 3987 1395 4029 mem
1418 3971 1464 4028 bis
1490 3969 1564 4027 mibi
1583 3971 1611 4027 si
1627 3968 1734 4041 foedus
1755 3985 1815 4027 non

514 4078 569 4142 est,
596 4080 676 4130 certe
700 4077 800 4148 manet
824 4076 903 4129 uetus
932 4074 1077 4145 amicitia,
1103 4075 1260 4132 literarum
1277 4073 1393 4144 plutino
1412 4072 1591 4141 conciliata,
1618 4072 1816 4129 etiamsinon

514 4175 710 4232 consentimus
729 4175 759 4231 in
778 4173 917 4232 omnibus.
963 4168 1099 4234 *limum
1120 4177 1219 4234 nullus
1235 4180 1279 4231 est
1298 4175 1351 4245 piei
1367 4167 1491 4232 Halteni
1502 4177 1625 4231 conatus
1642 4172 1758 4246 probet,
1777 4189 1816 4230 ne

446 4287 513 4337 §.tta
526 4277 589 4351 i'pse
610 4275 728 4348 quiden
742 4274 895 4334 lutherus.
940 4271 1046 4336 *Sunt
1064 4293 1172 4336 rursus
1192 4275 1316 4347 puidam
1337 4275 1461 4345 indocti,
1484 4274 1595 4332 nullius
1609 4273 1723 4346 iudicii,
1745 4276 1815 4333 oitee

514 4380 658 4453 impura,
687 4376 911 4450 obtrectatores,
935 4381 1124 4452 pervicaces,
1154 4376 1370 4447 intractabiles,
1396 4376 1439 4433 sic
1468 4375 1583 4432 addicti
1602 4373 1752 4448 lutbero,
1783 4383 1850 4433 nin

514 4496 569 4540 nec
587 4482 685 4543 seiont
704 4497 758 4539 nec
779 4486 896 4538 seruent
914 4480 994 4553 qnod
1013 4480 1162 4540 Lutberus
1183 4479 1285 4546 docet;
1313 4484 1426 4536 tantum
1448 4477 1633 4549 euanpelium
1652 4475 1765 4534 babent
1783 4480 1813 4535 in

516 4599 581 4655 ore,
608 4585 762 4656 neplipnnt
778 4598 888 4656 preces
908 4587 937 4640 et
962 4597 1068 4653 sacra,
1098 4587 1254 4640 nesciantur
1283 4577 1469 4652 quibuslibet,
1496 4583 1525 4634 et
1542 4576 1728 4635 maledicunt
1748 4577 1814 4636 Ilo-

446 4698 512 4747 §.ns
525 4699 614 4743 mano
630 4686 782 4758 pontifici:
801 4685 845 4743 sic
861 4683 1028 4742 Lutberani
1046 4688 1124 4743 sunt.
1169 4683 1186 4718 ⁸⁸
1197 4681 1313 4739 Horum
1330 4678 1495 4739 inconditos
1510 4679 1649 4736 tumultus
1662 4684 1692 4736 et
1705 4679 1813 4737 incon-

514 4787 592 4844 sulta
613 4788 737 4843 consilia
754 4787 909 4859 principes
932 4801 969 4843 nc
990 4786 1183 4855 mapistratus
1204 4783 1323 4841 lartdem
1348 4787 1491 4855 copentur
1512 4781 1697 4855 opprimere:
1720 4780 1738 4815 *
1751 4781 1812 4838 ila-

513 4901 569 4956 epte
585 4887 637 4956 fiet
657 4886 762 4943 borum
783 4887 864 4958 uitio,
886 4892 919 4944 nt
939 4900 993 4943 nec
1007 4886 1064 4944 illa
1083 4886 1277 4959 corripantnr
1295 4885 1333 4943 de
1351 4884 1456 4957 quibes
1473 4883 1601 4941 muribus
1617 4883 1722 4940 merito
1736 4896 1845 4954 pue-n

582 5081 592 5113 ³
604 5098 655 5132 nec
668 5082 726 5148 ull]
741 5085 777 5133 Et
790 5090 883 5133 tamon
896 5083 970 5134 inira
983 5083 1127 5133 homicidii
1140 5100 1202 5135 reus
1214 5085 1254 5135 fit.
1290 5084 1322 5117 Μ
1334 5076 1366 5134 τὸ
1380 5068 1414 5135 εὖ
1426 5080 1494 5148 nn]
1508 5082 1579 5133 bene
1592 5081 1699 5132 habens
1709 5080 1811 5130 malum
