4367 6084
527 665 601 737 360
656 680 893 731 cccxxxwm.
913 697 1043 731 cauum
1057 696 1147 745 ostiu
1162 697 1195 730 si
1210 696 1376 732 insoniunt
1392 698 1543 733 uvsreuvrs
1556 699 1700 735 convicii.

569 862 643 916 ‚,est;
663 853 755 927 sieque
771 872 820 928 per
835 854 952 911 dolores·
960 854 1124 911 saevissimos
1139 855 1325 928 orotiatusque
1341 856 1530 914 acerbissimos
1545 857 1681 914 communi
1699 858 1817 913 omnium

569 938 681 1000 ..laetitia
709 937 896 993 tristissimum
920 938 1052 995 extialavit
1080 939 1215 1013 spiritum.
1259 940 1373 997 Tantum
1401 951 1451 997 est.
1496 943 1534 997 Tu
1558 942 1608 998 iam
1636 942 1708 1004 vale.
1739 949 1817 1015 atque

569 1031 650 1084 „tuos
674 1023 699 1076 in
720 1023 802 1096 pedes
824 1030 849 1078 to
865 1023 992 1096 protinus
1007 1024 1135 1097 proripet
1153 1041 1185 1079 ne
1202 1041 1294 1080 morso
1312 1033 1337 1080 te
1352 1026 1488 1082 mordicus
1504 1027 1653 1083 insectetur
1668 1026 1817 1082 inortuus.”

610 1108 805 1163 Plurimaram
835 1110 975 1163 sententia
1001 1110 1091 1174 timet,
1119 1110 1145 1162 si
1162 1110 1340 1164 Fraueiseus
1368 1112 1414 1165 itte
1441 1128 1459 1164 a
1481 1111 1634 1183 Stetiaaeu
1661 1118 1688 1165 at
1718 1111 1815 1166 Hutte·

526 1208 580 1247 aas
602 1193 654 1248 iste
674 1190 889 1262 superfuissent
910 1193 1035 1259 biennio,
1065 1195 1250 1248 memoranda
1272 1196 1431 1265 cuiuspiam
1455 1197 1546 1251 eladis
1566 1197 1746 1251 exstitissent
1767 1197 1835 1249 atr-⁵

525 1285 621 1332 ctores
643 1318 649 1329 .
668 1319 673 1330 .
692 1319 722 1330 ..

592 1373 703 1424 Similes
722 1379 750 1421 et
766 1389 862 1422 versus
881 1380 909 1423 et
928 1374 1123 1438 inscriptiones
1142 1374 1240 1423 multos
1260 1381 1314 1424 tum
1335 1376 1480 1426 faciebant
1498 1378 1582 1426 animi
1602 1378 1644 1426 sui
1666 1392 1754 1427 eausa
1772 1378 1815 1442 qui

465 1497 469 1506 .
525 1461 552 1508 in
572 1459 695 1507 Huttsuo
713 1452 814 1522 praeter
832 1458 1020 1508 liutheranum
1039 1458 1145 1522 aliquid
1164 1460 1254 1508 inesse.
1276 1460 1452 1523 ignorabant,
1478 1476 1539 1509 enm
1564 1462 1590 1510 in
1610 1463 1680 1526 ipsis
1699 1478 1734 1511 ne
1753 1477 1816 1510 vers

525 1543 633 1607 quidem
652 1541 811 1591 humanitas
834 1541 948 1591 inesset.
983 1557 1074 1607 pauca
1099 1542 1225 1606 quaedam
1249 1560 1265 1592 a
1283 1543 1463 1594 Burckhardo
1487 1545 1606 1609 aliisque
1631 1547 1814 1611 praetermisss

525 1626 651 1691 exempla
668 1626 841 1690 subiungant.
867 1670 869 1673 .
965 1646 976 1657 ·
1170 1676 1175 1686 ,
1825 1640 1843 1678 tt

1159 1695 1183 1753 l.

933 1816 985 1871 Al)
1008 1815 1150 1870 FAMAM
1169 1816 1225 1871 DE
1247 1816 1412 1872 HVTENO

977 1914 1063 1962 morbo
1078 1916 1224 1977 pedieatart
1244 1915 1359 1962 extincto

1037 2003 1144 2058 Petrus
1163 2003 1301 2057 Risimus.

727 2136 794 2192 Cam
814 2152 918 2210 nuper
928 2138 1042 2212 Styar'as
1064 2137 1216 2192 veheretur
1239 2136 1373 2192 Haterius
1395 2140 1434 2193 ad
1454 2138 1579 2202 umbras,

767 2223 839 2277 Eius
858 2228 885 2277 et
906 2225 1019 2279 audiret
1040 2224 1150 2291 scripta
1167 2219 1296 2292 nefanda
1319 2222 1442 2288 Charon,

724 2306 898 2378 littoreaque
916 2309 1023 2377 pedum
1044 2321 1107 2362 sese
1130 2310 1171 2362 ais
1188 2306 1328 2378 proderet
1349 2308 1458 2377 inpane,

767 2392 806 2446 Et
827 2400 1001 2463 quereretur
1020 2392 1134 2461 Huteu,
1157 2393 1256 2448 martis
1277 2392 1307 2445 iet
1322 2406 1384 2445 esse
1404 2406 1511 2462 penus:

725 2476 831 2542 Stulte,
856 2475 970 2532 Charon
993 2478 1081 2544 uixit,
1103 2483 1191 2546 eaput
1214 2476 1289 2531 ortis
1309 2477 1337 2529 ia
1357 2476 1424 2530 arbe
1438 2476 1566 2545 putabas

766 2561 910 2628 Perdere,
933 2578 1009 2616 ratane
1029 2560 1106 2631 sceda
1129 2575 1160 2614 es
1178 2560 1311 2630 perditas
1331 2560 1391 2629 ipse
1411 2561 1493 2629 pede.
1822 2580 1843 2618 u

521 2706 758 2756 cccxxxvmt.
775 2706 796 2755 Ι.
816 2707 939 2760 Εηεσηιία
955 2705 1069 2770 §witisi
1086 2707 1090 2773 Ι
1106 2722 1145 2757 aa
1163 2723 1194 2757 sa
1206 2720 1344 2771 spinosos
1358 2703 1363 2772 Ι
1378 2707 1494 2756 Andreae
1508 2707 1593 2756 Criaii
1607 2705 1740 2773 Episcopi
1752 2709 1815 2758 Pre-

684 2788 790 2839 missieti
807 2792 835 2840 iu
854 2790 967 2855 qutslrit
987 2792 1093 2841 Oratio.
1110 2792 1115 2853 Ι
1130 2799 1178 2842 ete.
1196 2791 1200 2854 Ι
1217 2807 1382 2841 it.o.xx1ut.
1399 2791 1403 2853 1
1420 2791 1466 2852 (4⁰.
1488 2792 1570 2851 8fatt.
1584 2807 1605 2840 s.
1620 2789 1652 2855 l.)

1152 2945 1181 3003 2.

817 3065 982 3121 CARMEN
1000 3065 1176 3121 ANDREAE
1196 3066 1406 3122 DELICIANI
1423 3067 1458 3121 F.
1473 3065 1510 3120 R.

681 3171 759 3240 quaet
779 3170 808 3224 iu
827 3175 952 3240 quatuor
975 3168 1145 3223 Lttderauos
1158 3183 1216 3238 per
1237 3168 1374 3223 elementa
1397 3168 1560 3239 perdendas
1582 3169 1658 3222 lusit.
1824 3182 1848 3221 rs

671 3287 779 3343 Discite
797 3304 887 3353 nune,
909 3288 1021 3353 nriseri,
1044 3289 1116 3341 uiam
1140 3303 1217 3341 auae
1235 3287 1333 3340 discite
1354 3284 1470 3357 (artem,

722 3372 806 3427 Secta
828 3373 932 3443 quibus
953 3372 1078 3426 mordax
1100 3371 1161 3426 laec
1182 3371 1339 3426 Luderaaa
1355 3374 1462 3441 placet,

604 3562 626 3600 ts
671 3542 829 3597 Hatteuam
853 3547 1000 3597 extorrem
1024 3542 1073 3595 oia
1096 3548 1178 3595 terra
1202 3540 1317 3595 inimica
1342 3542 1461 3611 recepit,

720 3625 778 3680 Sub
799 3626 932 3696 vepribus
953 3625 1056 3679 misere
1077 3625 1144 3680 dum
1167 3631 1254 3696 queat
1271 3625 1331 3695 ipse
1353 3626 1434 3680 mori.

598 3728 624 3767 so
666 3711 757 3783 lanea
778 3712 949 3782 saeriteaum
973 3715 1138 3779 rapuerunt
1158 3711 1214 3765 teta
1237 3707 1381 3775 Sicaniam,
1467 3727 1472 3735 ’

720 3794 852 3848 Futmine
870 3800 1045 3864 contemptas
1060 3795 1149 3848 sensit
1171 3796 1271 3849 adesse
1293 3793 1368 3848 (teas.

669 3879 793 3932 Attiaets
815 3876 945 3931 Neseaus
968 3877 1252 3948 apostematus,
1276 3879 1387 3947 opinor,

721 3960 785 4015 Non
803 3962 910 4015 laesisse
925 3978 1034 4031 parum
1053 3963 1172 4015 uttmtua
1192 3964 1257 4017 diua
1275 3962 1358 4017 dalet.
1452 4010 1455 4013 .

596 4061 620 4100 st
665 4043 794 4112 Quartus
815 4044 910 4098 adhue
927 4046 999 4099 tiber
1018 4046 1097 4099 lacus
1115 4052 1171 4112 est,
1189 4044 1319 4117 patulum
1344 4050 1468 4121 aridique
1487 4052 1596 4112 catum,
1635 4056 1638 4060 “
1725 4057 1780 4122 ’,γ’

719 4128 806 4185 Hune
827 4130 922 4199 capiet
944 4135 1037 4184 aester
1057 4131 1177 4199 duxque
1196 4135 1340 4200 caputque
1360 4134 1478 4189 Luttrer.

899 4298 1058 4353 Praeueum
1079 4297 1202 4368 lypsioe.
1244 4299 1326 4354 Auno
1351 4310 1427 4362 1530.

515 4447 755 4496 cccxxxvnli.
768 4447 793 4495 2.
814 4461 903 4496 tvovs
922 4461 1072 4496 ivosium«
1092 4461 1224 4497 ovosavu
1242 4447 1381 4515 tridens,
1406 4466 1459 4514 quo
1472 4448 1591 4501 Ioannes
1604 4451 1819 4520 Hasenborgius

514 4533 650 4583 Bohemus
669 4533 698 4581 in
715 4531 918 4581 Bacchanalib.
935 4529 938 4593 Ι
954 4529 1078 4596 Lypiiae,
1105 4545 1198 4580 omnes
1217 4531 1403 4583 ludificantem
1424 4535 1591 4596 Ludionem,
1613 4538 1740 4587 omnibus
1756 4543 1760 4601 Ι
1776 4539 1816 4588 lu·

769 4616 885 4666 tendum
906 4616 1039 4665 exhibuit.
1058 4617 1136 4665 Anno
1155 4616 1325 4666 M.1).xxx.
1342 4618 1346 4677 Ι
1362 4618 1409 4678 (4⁰.
1426 4621 1483 4681 fott.
1498 4622 1553 4675 22.)

580 4734 601 4767 ²⁸
619 4733 753 4800 Andreas]
773 4736 874 4784 Probst
897 4751 931 4783 ex
955 4735 1055 4799 oppido
1073 4732 1230 4793 Dolitzsoh,
1258 4734 1401 4798 ‘magister
1426 4738 1471 4800 qui
1496 4743 1539 4787 ost
1557 4739 1671 4788 multum
1691 4741 1812 4803 subtilis,

513 4825 541 4869 ot
558 4837 607 4885 pro
624 4826 704 4884 parte
724 4817 767 4869 est
793 4820 907 4880 sitista,
933 4819 1056 4867 medicus
1076 4823 1104 4865 et
1124 4817 1239 4877 iniistis,
1266 4824 1295 4866 et
1314 4821 1366 4868 ‘ost
1389 4821 1474 4870 stiam
1498 4821 1571 4872 alias
1595 4823 1685 4873 bonus
1710 4829 1815 4890 poeta',

512 4909 603 4953 rector
621 4904 778 4967 Lipsiensis
796 4903 990 4952 universitatis
1010 4918 1035 4950 a.
1052 4900 1125 4951 15¹3.
1142 4906 1169 4950 et
1184 4900 1267 4963 1519„
1288 4904 1357 4952 satis
1377 4921 1410 4954 ox
1429 4905 1556 4970 epistolis
1576 4907 1754 4959 obscurorum
1774 4911 1814 4960 vi-

511 5004 600 5037 rorum
620 4989 652 5048 (i.
669 4987 690 5035 l.
707 4987 760 5049 lt.)
781 4990 871 5034 notus.

967 5050 1361 5067 ----“---.-·-------·Π
