4367 6084
580 711 625 782 16
690 725 835 775 ccxx1x.
855 740 978 775 nvrrnur
993 739 1022 774 ru
1035 739 1223 776 uruuoururu
1235 735 1581 776 aaeruonvirmvacrwu.
1596 738 1681 773 naar.
1694 732 1756 774 isat.

577 896 667 955 ‘enim
690 894 766 954 valet
784 895 906 970 ingenio
927 893 991 963 illc,
1016 901 1185 960 etcertum
1208 896 1244 954 sit
1266 913 1333 954 cum
1356 896 1484 972 primum
1508 893 1564 952 boc
1587 911 1637 952 vos
1660 894 1723 953 ausi
1748 892 1870 959 fueritis,

575 995 722 1055 ‘exitiabili
745 1003 840 1054 vestra
864 994 947 1054 clade
970 997 1118 1072 expiatum
1141 997 1175 1055 iri
1199 995 1320 1055 lacinus.
1366 995 1453 1065 Quasi
1482 1011 1571 1070 grave
1598 994 1739 1054 incusatis
1769 995 1870 1071 iugum

576 1098 641 1156 ‘boc
665 1096 744 1175 quod
767 1114 825 1155 non
848 1098 902 1155 nisi
930 1095 1017 1171 longe
1039 1097 1164 1173 graviori
1187 1096 1411 1157 commutabitis.
1457 1097 1533 1156 Ecce
1555 1103 1651 1155 autem
1677 1095 1791 1180 divinas
1814 1096 1869 1154 iam

562 1189 614 1258 '‘in
634 1197 719 1258 vobis
741 1197 881 1267 ultiones
912 1204 1021 1257 tantam
1044 1215 1168 1256 annonae
1190 1197 1406 1267 difficultatem,
1432 1203 1476 1257 tot
1497 1214 1641 1257 annonam
1664 1194 1870 1273 pestilentiam,

505 1305 565 1355 §.tn
578 1301 753 1359 ‘intestinam
775 1300 942 1375 principum
965 1297 1159 1358 discordiam’.
1204 1299 1283 1359 llaec
1311 1299 1464 1378 loquutum
1492 1306 1521 1358 te
1549 1300 1614 1376 quis
1640 1300 1669 1356 in
1698 1297 1776 1357 banc
1806 1308 1892 1374 spe-⁵

573 1401 682 1468 ceilam,
706 1400 756 1461 ubi
779 1418 830 1459 vos
852 1399 950 1478 aliquo
972 1419 1039 1459 cum
1063 1407 1143 1459 metu
1165 1399 1279 1460 latitare
1299 1419 1346 1459 me
1362 1401 1488 1467 iactatiS,
1512 1398 1628 1459 retulit?
1657 1399 1716 1459 Sed
1732 1417 1750 1456 o
1767 1417 1870 1458 vocem

573 1521 626 1579 per
649 1500 782 1579 iugulum
803 1501 898 1560 statim
922 1500 1082 1560 redituram
1104 1501 1172 1570 tibi,
1196 1503 1220 1562 si
1242 1520 1274 1561 se
1297 1520 1375 1561 nunc
1397 1501 1518 1560 tandem
1540 1507 1678 1576 agnoscat
1694 1500 1869 1560 Germania!

573 1603 617 1664 Tu
641 1604 740 1681 iugum
764 1619 828 1661 esse
856 1601 955 1661 lateris
977 1585 1147 1679 pontificum
1171 1605 1263 1670 iussa,
1293 1610 1322 1661 et
1344 1621 1436 1679 regno
1459 1602 1628 1679 dignitatem
1650 1599 1726 1660 illius
1747 1602 1869 1669 metiris,

573 1722 696 1783 eamque
719 1701 799 1762 illum
822 1704 865 1771 vi,
890 1710 952 1762 arte
976 1711 1005 1763 et
1027 1705 1143 1782 ingenio
1165 1722 1353 1782 propugnare
1374 1702 1452 1762 baud
1468 1719 1572 1779 negas,
1597 1709 1626 1762 et
1640 1702 1869 1779 significationes

573 1805 657 1865 nobis
686 1804 737 1863 das
764 1811 824 1863 tam
854 1803 1022 1863 manifestas
1048 1805 1238 1865 turbaturum
1266 1804 1348 1865 illum
1377 1804 1578 1871 Germaniam,
1613 1803 1689 1863 inter
1719 1804 1869 1881 principes
1879 1812 1900 1851 ¹⁰

502 1905 650 1988 §.aubellp
680 1890 902 1973 excitaturum,
920 1924 954 1964 ac
983 1912 1095 1965 naturae
1122 1908 1200 1966 vices
1226 1923 1342 1984 poenam
1370 1906 1582 1984 interpretaris.
1628 1904 1708 1964 Haec
1730 1912 1761 1963 tu
1789 1905 1867 1967 lacis

573 1990 706 2084 inquam,
737 2014 765 2066 et
788 2014 884 2066 tamen
908 2014 1160 2084 consequuturum
1182 2014 1211 2067 te
1233 2007 1281 2067 hic
1303 2007 1409 2067 leonis
1432 2005 1542 2066 Decimi
1565 2006 1683 2065 nomine
1706 2024 1772 2085 quae
1795 2007 1868 2083 petis

505 2138 507 2141 ·
572 2125 687 2184 speras,
722 2114 810 2186 atque
841 2107 919 2185 apud
951 2107 1032 2168 illum
1065 2111 1138 2168 inire
1168 2110 1307 2186 gratiam?
1341 2108 1552 2184 Stupidissime.
1572 2108 1704 2167 omnium
1732 2108 1784 2185 qui
1812 2106 1866 2165 bor

571 2215 638 2267 aute
660 2215 689 2268 te
711 2227 819 2269 munus
842 2209 992 2277 obierunt,
1016 2228 1074 2269 uon
1097 2211 1178 2270 vides
1200 2215 1342 2289 quiantum
1364 2210 1477 2286 possint
1497 2207 1561 2267 haec
1583 2210 1693 2267 morari
1708 2216 1750 2277 te,
1775 2226 1866 2285 quau·

571 2317 633 2369 tum
654 2310 797 2387 impedire
820 2306 952 2369 caussam
974 2317 1069 2379 tuam,
1092 2310 1145 2370 tibi
1166 2312 1267 2371 odium
1289 2312 1449 2378 concitare,
1472 2328 1609 2388 magnam
1627 2309 1792 2370 rationibus
1807 2309 1863 2369 tuis
1874 2318 1896 2358 1⁵

503 2421 560 2471 §.aa
571 2409 813 2471 disturbationem
844 2410 1001 2471 inducero?
1038 2411 1096 2471 Sed
1125 2411 1208 2471 lortis
1239 2419 1382 2490 tyrannus
1414 2411 1514 2471 odium
1547 2429 1607 2471 nou
1640 2413 1742 2479 timeS,
1775 2429 1865 2488 quum

572 2513 724 2591 praesumis
746 2519 873 2580 metum;
906 2531 1003 2591 neque
1025 2515 1066 2571 tui
1089 2511 1342 2573 conturbationem
1354 2513 1525 2596 prospicis,
1554 2515 1604 2590 qui
1632 2519 1665 2572 ut
1693 2510 1768 2571 alios
1796 2529 1865 2571 con·

516 2629 526 2634 “
570 2612 722 2680 turbares,
746 2611 805 2672 huc
826 2614 937 2672 venisti.
983 2614 1020 2672 At
1033 2631 1118 2680 vero,
1141 2613 1197 2671 nisi
1213 2632 1260 2674 me
1276 2616 1372 2674 omnia
1395 2612 1513 2682 fallunt,
1538 2613 1648 2674 videbis
1669 2612 1753 2672 brevi
1775 2611 1865 2672 multa

501 2721 678 2789 §.repraeter
701 2714 866 2791 opinionem
890 2731 994 2773 casura
1016 2713 1077 2773 tibi.
1123 2713 1171 2773 Sic
1193 2732 1280 2790 spero
1309 2715 1440 2775 luterum
1468 2716 1561 2780 enim.
1591 2722 1624 2775 ut
1651 2715 1700 2792 qui
1728 2721 1758 2774 te
1787 2731 1864 2774 nunc

570 2820 704 2882 tuentur,
727 2815 835 2877 mitrati
857 2815 902 2873 isti
924 2822 954 2874 et
975 2814 1103 2892 galeriti,
1126 2816 1162 2884 ii,
1186 2823 1217 2874 ut
1232 2816 1290 2874 sint
1304 2817 1358 2874 tuti
1373 2817 1443 2892 ipsi,
1467 2817 1598 2876 omnium
1613 2834 1700 2893 opem
1716 2817 1899 2876 omnium-²(

569 2934 626 2993 que
650 2915 768 2975 consilia
790 2914 948 2993 implorent
969 2923 1057 2993 atque
1079 2917 1226 2986 invocent,
1249 2935 1345 2994 neque
1368 2918 1406 2976 ita
1429 2916 1492 2977 lore
1514 2917 1661 2977 bonorum
1689 2924 1778 2995 atque
1804 2935 1865 2976 ma-

568 3016 665 3076 lorum
686 3019 890 3076 immemorem
913 3016 1075 3083 Christum,
1095 3023 1139 3076 ut
1153 3024 1203 3085 te,
1235 3019 1313 3077 omni
1335 3017 1522 3095 improbitate
1544 3019 1681 3078 allectum
1703 3018 1864 3086 hominem,

569 3120 649 3178 omni
671 3117 816 3177 imbutum
838 3116 949 3180 soelcre
972 3126 1000 3177 ct
1022 3115 1191 3193 sacrilegio,
1217 3119 1393 3197 impunitum
1415 3120 1458 3179 ire
1480 3119 1549 3180 binc
1570 3121 1711 3196 patiatur,
1739 3138 1864 3197 praescr·

501 3230 558 3280 §.aa
568 3220 621 3279 tim
643 3220 680 3279 ad
702 3219 843 3279 ultionem
865 3226 898 3285 Φ
916 3237 1033 3297 poenam
1055 3237 1122 3283 cum
1149 3237 1203 3279 nos
1226 3218 1302 3279 ultro
1325 3238 1475 3299 provoces.
1521 3222 1602 3281 Scias
1625 3229 1656 3281 tu
1678 3228 1778 3281 autem
1801 3239 1865 3282 csse
1879 3280 1899 3288 „

570 3323 598 3380 in
627 3322 783 3381 Germania
812 3319 939 3390 animoS,
970 3321 1020 3399 qui
1049 3338 1131 3380 arma
1160 3328 1188 3380 et
1215 3322 1292 3389 v'uos
1319 3340 1378 3381 riou
1408 3322 1533 3382 dubitas.
1578 3324 1707 3401 itemque
1729 3324 1807 3382 scias
1829 3329 1888 3381 ext

569 3421 617 3482 tali
641 3430 779 3502 tantoque
801 3425 912 3483 circum
936 3425 976 3482 tui
999 3422 1066 3481 odio
1089 3439 1274 3482 emersurum
1296 3421 1451 3499 aliquando
1474 3442 1566 3482 uuum
1588 3421 1715 3501 aliquem
1737 3425 1789 3502 qui
1810 3440 1865 3501 pro

500 3533 558 3581 §.tt
570 3523 713 3584 malitiosa
735 3524 788 3584 tibi
810 3525 839 3583 in
861 3524 919 3583 boc
941 3524 1098 3601 imperium
1121 3542 1211 3600 opera
1234 3524 1350 3601 dignam
1374 3523 1521 3602 persolvat
1542 3523 1719 3585 mercedem.
1760 3525 1865 3585 Deme

474 3697 479 3706 Ι
568 3632 646 3684 certe
669 3632 811 3702 quantum
833 3627 862 3682 in
884 3625 948 3701 ipso
972 3627 1041 3692 erit,
1072 3642 1130 3683 non
1158 3623 1268 3684 babeas
1297 3623 1444 3685 oecultum
1472 3625 1609 3703 posthac,
1640 3626 1691 3685 sed
1720 3625 1864 3685 indictum

567 3727 624 3783 iam
640 3733 669 3783 et
684 3725 906 3793 denunciatum,
929 3742 1047 3785 ornerem
1070 3725 1218 3784 advertam
1238 3724 1431 3803 diligentiam,
1456 3745 1543 3786 omne
1558 3726 1708 3787 adhibebo
1723 3727 1863 3794 studium,

567 3826 664 3883 omnia
693 3823 811 3885 tentabo
842 3823 1044 3901 conaborque,
1076 3827 1179 3902 utqui
1207 3826 1322 3896 lurore,
1352 3829 1495 3895 enuntia,
1524 3828 1636 3889 scelere
1659 3836 1689 3888 et
1710 3829 1900 3908 iniquitate:

568 3925 663 4000 gravis
681 3925 842 3991 accessisti,
867 3926 921 3983 vita
944 3925 1037 3994 inanis
1059 3925 1128 3985 binc
1151 3925 1296 3987 efferaris:
1327 3931 1514 4011 nequeenim
1532 3929 1748 4006 expectandum
1765 3930 1864 3990 adhuc

568 4023 619 4083 tibi
642 4033 702 4093 est,
723 4032 755 4085 nt
769 4024 850 4083 stilos
866 4024 1020 4085 doctorum
1042 4025 1089 4085 hic
1113 4027 1242 4086 virorum
1264 4031 1386 4097 sentias,
1410 4029 1462 4089 scd
1478 4031 1609 4090 loturum
1626 4031 1731 4101 crede,
1756 4038 1789 4092 ut
1805 4033 1864 4092 lor·

498 4139 555 4204 aaa
568 4126 640 4185 tium
669 4125 771 4202 gladiis
799 4125 977 4185 corilodiare.
1022 4127 1142 4187 luterinr
1173 4130 1263 4187 vicem
1294 4129 1400 4190 dolebo
1423 4130 1568 4191 bonarum
1591 4133 1713 4201 artium,
1745 4152 1813 4211 quae
1835 4136 1880 4192 iu-

567 4233 675 4286 tautam
698 4225 850 4294 malitiam,
873 4234 934 4285 tam
956 4210 1145 4304 depravatum
1169 4229 1318 4304 ingenium
1341 4232 1510 4302 inciderint,
1534 4251 1569 4292 ac
1590 4232 1727 4292 invidebo
1749 4233 1863 4311 lingua·

565 4347 631 4387 rum
654 4329 787 4406 peritiam
809 4327 875 4396 tibi,
906 4347 1000 4405 ueque
1022 4327 1101 4388 aliud
1124 4336 1242 4389 metuo
1266 4333 1383 4392 nomine
1404 4333 1554 4411 torquebit
1576 4341 1605 4394 et
1626 4334 1749 4403 afficiet,
1774 4353 1865 4413 quam

564 4448 628 4489 esse
651 4430 728 4507 quod
752 4429 880 4490 invidere
902 4428 1007 4507 aliquis
1029 4429 1080 4489 tibi
1103 4431 1202 4507 possit.

562 4565 770 4575 ———

630 4632 746 4696 ‘Quasi
764 4651 832 4687 corr.
846 4634 883 4683 H.
903 4632 941 4682 Ut
953 4635 1012 4683 edd.
1065 4630 1246 4682 elocutumo.
1300 4635 1437 4686 ⁸iussuo.
1493 4637 1514 4669 ¹⁰
1526 4638 1577 4688 dos
1589 4638 1669 4689 nobis
1684 4643 1708 4689 6.
1764 4638 1870 4690 ¹5crau-

564 4732 623 4766 som
641 4720 664 4767 ἠ
678 4722 694 4768 l.
711 4722 735 4768 1.
749 4727 774 4768 et
791 4736 892 4784 aerrrper
905 4723 930 4768 6.
984 4717 1139 4768 conciliare
1152 4720 1178 4768 2.
1231 4716 1253 4750 ²¹
1271 4720 1448 4772 inmemorem
1462 4724 1487 4770 2.
1541 4722 1564 4754 ²⁸
1581 4739 1631 4788 pro
1649 4726 1763 4774 omie.2.

1009 4887 1310 4904 ,ψ
