4367 6084
530 679 577 752 54
649 694 820 745 ccxxxxt.
841 710 876 744 nx
890 709 1010 744 nicoeno
1025 709 1174 745 tricenteno
1188 708 1322 744 etruscis
1336 706 1535 749 ocsusosvu.
1549 693 1632 745 cen?
1646 698 1708 744 tsnt.

1011 828 1017 850 h

529 873 626 942 eripers
648 877 666 924 t.
683 888 719 936 r.,
743 888 769 923 a.
785 887 813 923 n.
863 868 898 923 llt
919 868 1078 925 Martinam
1102 870 1274 933 lutherum,
1306 869 1477 924 Christiano
1501 870 1572 939 fidei
1599 870 1764 923 columnam
1786 870 1826 923 in·

530 956 712 1019 deiicibilem,
741 955 821 1008 breui
848 954 1039 1009 Wormaciam
1062 964 1213 1011 uenturum
1235 956 1270 1009 ab
1293 956 1370 1010 omui
1391 969 1497 1009 ueneno
1518 960 1546 1008 et
1568 952 1636 1025 ostis
1666 953 1842 1009 Venetianis*

531 1040 676 1096 custodire
698 1045 725 1092 et
747 1053 919 1094 conseruare
942 1041 1069 1112 diprreris
1091 1048 1109 1095 t.
1127 1059 1162 1107 r.,
1186 1058 1213 1094 o.
1230 1057 1257 1094 n.
1307 1039 1340 1094 llt
1363 1041 1474 1093 animas
1496 1054 1570 1109 quas
1596 1037 1720 1110 theolopi
1747 1038 1827 1093 scho-

532 1126 627 1180 lastici
649 1139 707 1194 per
735 1138 804 1179 suits
833 1125 937 1194 impias
963 1126 1114 1180 conciones
1140 1127 1335 1191 seduxerunt,
1369 1125 1403 1178 ab
1430 1122 1535 1194 inseris
1563 1124 1656 1177 denuo
1685 1126 1828 1178 redimere

532 1210 659 1280 dipneris
682 1214 699 1262 t.
717 1225 753 1275 r.,
776 1226 803 1261 a.
820 1226 847 1262 n.
898 1207 932 1263 lit
960 1209 1103 1281 theolopos
1128 1210 1313 1265 scholasticos
1342 1211 1381 1264 ad
1402 1209 1572 1281 (aperitionem
1596 1210 1658 1263 ueri
1679 1209 1726 1263 dei
1747 1209 1848 1262 iusti-s

531 1308 604 1367 pare
619 1294 646 1348 d.
657 1299 681 1370 Ι1.
698 1309 734 1358 r.,
750 1311 777 1346 a.
794 1309 821 1346 n.
839 1332 847 1348 .
865 1335 870 1345 .
889 1336 894 1346 .
932 1293 967 1349 Ut
982 1297 1082 1365 impios
1104 1295 1167 1350 illos
1189 1295 1331 1365 theolopos
1352 1309 1367 1348 e
1390 1295 1480 1348 medio
1502 1293 1600 1346 tollere
1623 1294 1650 1347 d.
1667 1300 1686 1346 t.
1702 1312 1740 1359 r.,
1757 1311 1784 1346 u.
1801 1309 1828 1346 n.

538 1380 572 1436 llt
593 1378 809 1432 concionatores
831 1378 963 1433 docentes
985 1395 1049 1450 orca
1076 1397 1132 1433 non
1155 1386 1281 1450 oportet,
1309 1394 1324 1434 e
1346 1387 1479 1449 supposta
1498 1379 1690 1447 precipitare
1711 1378 1740 1431 d.
1758 1386 1777 1431 t.
1793 1395 1828 1440 r.,

534 1482 560 1519 a.
578 1480 605 1518 n.
655 1461 690 1516 ttt
713 1460 816 1517 Leonis
838 1464 940 1516 decimi
960 1465 993 1519 P.
1010 1463 1049 1518 M.
1071 1463 1212 1535 ferociam
1235 1478 1416 1533 compescere
1438 1465 1465 1517 d.
1482 1469 1500 1516 t.
1517 1473 1552 1527 r.,
1577 1480 1603 1514 a.
1621 1479 1648 1515 n.
1700 1461 1735 1516 lit
1756 1469 1829 1516 stre-

533 1564 621 1604 retiam
644 1547 721 1601 illum
746 1546 908 1602 Germanice
936 1550 1056 1619 equitem
1084 1549 1230 1603 b'lrichum
1254 1548 1426 1614 Haltennm,
1456 1546 1578 1600 Martini
1598 1547 1722 1600 lutheri
1741 1546 1829 1617 Pyla-

533 1637 612 1698 dem,
634 1633 663 1684 iu
678 1645 730 1686 suo
752 1633 824 1686 bono
845 1635 991 1701 proposito
1014 1651 1049 1687 ae
1067 1636 1220 1703 prouincia
1238 1651 1296 1703 pro
1311 1631 1439 1687 Martino
1455 1631 1581 1686 luthero
1602 1636 1739 1701 suscepta
1759 1645 1861 1701 per-to

533 1729 669 1773 severare
695 1715 793 1787 facias
821 1723 847 1770 te
875 1734 1025 1788 ropamus,
1049 1736 1075 1773 a.
1092 1736 1120 1772 n.
1170 1718 1205 1773 ttt
1225 1716 1420 1788 consessorem
1443 1719 1520 1787 repis
1543 1715 1640 1770 Caroli
1666 1733 1723 1770 non
1748 1716 1830 1770 valde

533 1803 602 1858 bene
624 1802 659 1854 de
681 1799 810 1855 Martino
833 1799 959 1857 luthero
980 1805 1145 1857 sentientem
1169 1805 1268 1858 melius
1289 1803 1407 1857 erudire
1429 1802 1556 1872 dipaeris
1578 1807 1596 1854 t.
1614 1819 1649 1864 r.,
1673 1819 1700 1853 a.
1718 1817 1746 1853 n.
1798 1800 1831 1854 b't

534 1889 670 1956 teipsum,
694 1884 805 1940 Christe
821 1884 903 1951 Iesu,
926 1889 1013 1942 semel
1034 1888 1208 1958 crucifixum
1231 1904 1287 1942 non
1309 1888 1407 1941 dertuo
1424 1886 1556 1955 crucifici
1572 1886 1699 1954 potioris
1721 1885 1758 1939 ab
1781 1884 1829 1937 ho·

534 1971 656 2047 minibus
678 1972 763 2042 impie
787 1968 956 2025 Christianis
979 1980 997 2026 t.
1014 1992 1049 2037 r.,
1073 1991 1100 2025 a.
1117 1991 1144 2027 n.
1188 1972 1222 2027 ttt
1243 1973 1318 2027 edes
1341 1971 1522 2041 perorandum
1545 1969 1738 2039 theoloporum
1757 1986 1829 2038 pro-

533 2055 637 2111 stibula
660 2056 841 2110 meretricum
864 2057 924 2127 ἐφη·
943 2058 1118 2111 succendere
1140 2059 1267 2129 dieneris
1290 2064 1308 2110 t.
1324 2075 1360 2122 r.,
1382 2073 1408 2108 a.
1425 2072 1453 2109 n.
1496 2054 1530 2109 llt
1543 2055 1742 2108 sacerdotibus
1761 2067 1861 2108 con-ts

534 2142 692 2195 cubinariis
720 2156 850 2206 rursum,
881 2147 912 2194 ut
941 2143 1019 2208 olim,
1049 2158 1159 2196 uuor-es
1185 2144 1300 2211 impune
1328 2141 1484 2195 concedere
1512 2139 1639 2209 diprreris
1660 2146 1679 2191 t.
1697 2156 1732 2203 r.,
1757 2157 1784 2191 a.
1801 2155 1828 2191 n.

539 2225 573 2281 Ut
595 2225 771 2280 Alcandrnm
794 2224 936 2279 helleboro
954 2242 1097 2298 parpare·
1110 2228 1237 2298 otiosioris
1259 2233 1277 2279 t.
1294 2244 1330 2291 r.,
1353 2243 1379 2278 a.
1397 2241 1423 2277 n.
1467 2223 1501 2278 Ut
1522 2224 1637 2277 nuntios
1658 2223 1829 2292 apostolicos

535 2328 553 2365 a
576 2317 671 2380 teryo,
699 2326 811 2376 coram,
842 2327 859 2363 a
882 2311 972 2363 lutere
994 2318 1022 2365 et
1044 2328 1061 2364 a
1079 2313 1208 2380 postica,
1237 2315 1339 2364 contro
1362 2307 1520 2363 Martinum
1543 2307 1700 2361 lutherum
1726 2309 1830 2361 iniuste

535 2400 651 2465 epentes
669 2394 852 2464 principibus
871 2394 1041 2449 Wormaciae
1062 2397 1097 2449 de
1119 2398 1187 2449 calo
1210 2403 1328 2465 tenpore
1350 2395 1477 2464 dipncris
1499 2400 1517 2446 t.
1534 2411 1569 2458 r.,
1586 2410 1612 2445 a.
1630 2409 1657 2445 n.
1698 2391 1733 2447 Ut
1747 2391 1829 2445 Mor·

534 2481 622 2533 tinrtm
638 2479 794 2533 lutherum
816 2480 903 2532 semel
923 2482 984 2534 sine
1005 2496 1111 2544 eausa,
1135 2481 1254 2534 necdum
1278 2479 1421 2542 auditum,
1444 2479 1608 2531 dorestatum
1631 2484 1736 2541 tamen,
1761 2491 1861 2530 rur-ee

534 2579 597 2618 sum
628 2566 657 2617 in
684 2564 787 2616 animis
811 2563 926 2631 piorum
956 2565 1102 2634 vivificare
1129 2565 1256 2635 dipneris
1278 2570 1296 2617 t.
1314 2583 1348 2623 r.,
1372 2580 1398 2616 o.
1415 2578 1443 2614 n.
1493 2562 1527 2617 Ut
1552 2562 1734 2630 principibus
1758 2560 1829 2615 Ger-

534 2648 628 2702 manis
654 2651 711 2715 iam
736 2648 911 2720 ,Wormociee
940 2644 1120 2720 coreprcputis
1146 2653 1285 2719 qratiam,
1315 2663 1419 2718 pacem
1447 2653 1475 2700 et
1500 2647 1725 2701 misericordiam
1750 2653 1829 2698 tuam

536 2733 662 2789 tribuere
685 2734 711 2787 d.
729 2739 747 2786 t.
765 2750 800 2797 r.,
825 2750 851 2785 u.
868 2749 895 2786 u.
946 2733 980 2789 lit
1010 2732 1142 2788 Carolum
1168 2748 1225 2804 per
1252 2739 1363 2786 atatem
1393 2732 1517 2786 nondum
1545 2745 1593 2783 res
1623 2731 1735 2784 arduas
1760 2731 1832 2798 fidei

534 2818 734 2889 intellipentem
761 2834 779 2868 a
804 2818 950 2887 precipiti
978 2819 1081 2872 iudicio
1108 2832 1281 2872 conseruare
1308 2819 1335 2871 d.
1353 2824 1370 2871 t.
1387 2835 1423 2881 r.,
1447 2835 1473 2870 a.
1490 2834 1517 2870 n.
1555 2844 1592 2853 -
1612 2844 1648 2852 -
1689 2814 1724 2870 ttt
1752 2814 1829 2881 Itali,

509 2922 513 2929 ·
536 2901 691 2956 lombardi
704 2909 731 2954 et
746 2900 871 2955 Romani
892 2908 918 2955 te
940 2904 1022 2957 deum
1046 2917 1143 2956 certem
1166 2917 1228 2956 esse
1249 2903 1370 2956 credant
1393 2909 1410 2955 t.
1427 2919 1462 2967 r.,
1486 2919 1513 2954 a,
1529 2917 1557 2953 n.
1583 2929 1619 2938 —
1639 2928 1676 2938 -
1707 2898 1741 2953 lit
1756 2896 1861 2953 Ger-es

535 3001 634 3040 manos
649 2986 792 3041 ecaecdire
807 2987 933 3056 dipneris
949 2995 967 3041 t.
984 3005 1019 3052 r.,
1036 3005 1062 3039 a.
1080 3005 1107 3041 n.
1127 3015 1374 3026 -----
1400 2984 1518 3049 Christe,
1534 2985 1645 3038 exaudi
1659 2984 1829 3037 Germanos.

534 3071 626 3142 turta
648 3071 752 3125 eleison
778 3055 876 3122 -'-.
926 3079 1071 3120 t’sneut's.
1098 3071 1188 3126 Pater
1209 3077 1318 3136 noster,
1343 3089 1366 3125 o.
1389 3071 1427 3124 Et
1448 3086 1484 3124 ne
1506 3084 1557 3123 nos
1579 3069 1701 3122 inducas
1722 3068 1751 3121 in
1769 3074 1829 3121 ten-

535 3157 676 3210 tationem.
715 3155 807 3219 Deus‚
832 3157 860 3209 in
883 3156 1055 3210 allectorium
1079 3157 1286 3210 Germanorum
1310 3156 1431 3209 intende.
1469 3154 1603 3218 Domine,
1627 3154 1666 3207 ad
1687 3153 1829 3207 attinean-

535 3242 601 3295 clum
624 3254 672 3294 cos
691 3238 809 3309 festino.
849 3238 1071 3309 Confunelantur
1093 3248 1120 3294 et
1143 3247 1332 3294 revereantur
1354 3241 1405 3309 qui
1425 3244 1559 3309 perurunt
1579 3240 1692 3291 animas
1709 3238 1829 3291 Germa-

528 3342 646 3389 norum.
692 3324 902 3379 (lortuertantur
929 3333 1088 3380 retrorsum
1111 3333 1138 3379 et
1160 3325 1331 3379 crubescant
1353 3326 1402 3393 urci
1428 3325 1524 3379 colunt
1546 3325 1587 3376 eis
1609 3323 1691 3375 nteele.
1736 3322 1862 3376 Acer-so

534 3416 634 3463 tantur
666 3410 761 3463 statim
796 3411 994 3465 erubescentes
1022 3412 1072 3480 qici
1103 3411 1201 3464 dicant
1228 3424 1313 3480 eripe,
1341 3423 1420 3479 eripe.
1471 3408 1611 3463 Excellent
1638 3414 1666 3460 et
1694 3406 1830 3460 lactentur

534 3509 630 3549 omnes
654 3494 791 3548 Germani
811 3495 973 3565 quicunque
996 3502 1130 3565 autument
1151 3494 1245 3548 Iesum
1262 3493 1404 3547 Christum
1425 3493 1515 3563 filium
1538 3492 1585 3545 clei
1606 3492 1661 3545 uiui
1681 3497 1709 3544 et
1730 3491 1831 3544 dicant

533 3593 647 3648 semper
670 3577 871 3648 Mapuiticetur
893 3578 990 3638 Iesus,
1019 3582 1069 3648 qui
1090 3580 1211 3647 ‹lilipunt
1232 3579 1362 3632 salutare
1390 3579 1496 3633 domini
1522 3582 1548 3629 et
1575 3575 1734 3629 libertatem
1758 3576 1829 3629 Ger·

533 3665 644 3718 ntunia’.
690 3661 835 3721 lutherus
857 3678 924 3715 uero
946 3677 1051 3732 opertus
1073 3670 1100 3715 et
1119 3677 1237 3731 perreper
1259 3671 1315 3727 est,
1344 3663 1428 3727 deus,
1458 3663 1562 3716 adiuaa
1587 3675 1660 3712 eum.
1707 3661 1830 3713 Adiutor

534 3748 742 3802 Germanorum
776 3753 802 3798 et
834 3746 971 3799 liberator
998 3747 1207 3800 Germanorum
1235 3761 1265 3800 es
1294 3754 1338 3810 tu,
1359 3729 1482 3801 'domine
1511 3746 1597 3810 eleuS,
1631 3759 1666 3797 ne
1695 3746 1827 3798 moreris.
1838 3757 1863 3795 ss

534 3831 632 3885 Gloria
647 3832 684 3883 sit
699 3829 750 3884 deo
769 3830 852 3897 patri
873 3836 900 3883 et
919 3831 979 3898 (ilio
1002 3837 1028 3883 et
1050 3831 1167 3900 spiritui
1185 3837 1285 3884 sancto
1300 3829 1350 3897 bc.
1399 3838 1513 3880 t’eeees
1515 3867 1645 3883 ......
1665 3828 1755 3883 Orent
1771 3828 1828 3882 Ro-

534 3915 612 3969 mani
636 3931 692 3983 pro
716 3929 798 3983 papa
825 3928 885 3966 seco.
931 3913 1069 3968 Dominus
1093 3916 1255 3985 praecipitet
1283 3930 1345 3968 eum
1375 3917 1410 3969 de
1438 3914 1576 3969 cathedra
1604 3914 1775 3982 pestilentia·
1802 3919 1829 3966 ct

533 4004 664 4054 conterat
685 4003 774 4068 caput
794 3999 868 4061 eius,
903 4004 930 4052 et
952 4001 1001 4068 oeci
1022 4014 1052 4052 se
1075 3998 1259 4074 ipsu‘msecit
1287 4000 1368 4053 decem
1398 4001 1474 4056 orbis
1501 4006 1662 4062 terrarum,
1695 3999 1733 4051 sit
1761 3997 1830 4051 alibi

533 4083 662 4138 diabolas
691 4083 865 4137 diabolorum
889 4085 917 4137 in
940 4092 1088 4138 uternam.
1119 4087 1216 4138 Anien.
1263 4084 1362 4139 Salvos
1387 4084 1439 4154 soc
1463 4085 1621 4138 Germanos
1643 4089 1720 4145 tuos,
1749 4081 1829 4136 Deus

534 4183 626 4235 rneus,
649 4174 801 4238 spernentes
824 4168 852 4220 in
875 4175 909 4222 te.
946 4211 951 4222 .
970 4212 976 4223 ,
994 4212 999 4222 ,
1018 4176 1128 4217 ORATtu
1143 4177 1200 4217 t’ttb
1216 4175 1343 4216 ΚΟΜΑΝΑ
1360 4175 1503 4217 Eue-'LESIA
1505 4206 1823 4219 .............
1837 4177 1860 4215 so

533 4258 643 4302 uttam
657 4260 715 4301 etto
730 4261 842 4301 creatu
857 4260 1064 4301 turbustana.
1101 4253 1283 4322 Omnipotens
1306 4257 1332 4305 el
1355 4253 1518 4305 misericors
1541 4253 1624 4315 cleas,
1648 4250 1758 4321 laryire
1775 4250 1827 4304 Ca·

533 4339 594 4393 eolo
617 4339 787 4408 imperatori
808 4346 906 4392 nostro
927 4339 1067 4409 praetium,
1091 4345 1122 4391 ut
1144 4354 1197 4391 sua
1220 4351 1358 4400 censura,
1382 4342 1489 4389 semota
1509 4335 1615 4405 procul
1629 4333 1826 4390 Romanorum

532 4425 655 4478 omnium
683 4430 711 4476 et
738 4424 928 4481 cardinalium
960 4423 1123 4477 adulatione
1152 4428 1179 4475 et
1204 4421 1408 4490 persuasione,
1438 4419 1671 4475 incontinentiam
1698 4426 1726 4473 et
1749 4422 1827 4473 uoni-

489 4519 491 4524 ·
532 4515 617 4563 tatem
640 4511 798 4579 teretemque
821 4515 847 4561 et
869 4509 1010 4563 libidinem
1034 4509 1063 4560 in
1086 4507 1234 4560 ecclesiam
1258 4504 1380 4574 effusum
1404 4505 1443 4558 ael
1464 4505 1598 4558 honorem
1623 4508 1701 4558 tuum
1725 4512 1752 4558 et
1774 4506 1827 4558 uli-

533 4595 638 4647 litatem
667 4595 868 4649 ecclesiastica
896 4593 1042 4663 dignitatis
1069 4593 1156 4660 ireque
1183 4590 1399 4644 emolumentum
1424 4588 1650 4644 Christianorum
1680 4591 1709 4643 in
1733 4594 1758 4642 te
1778 4589 1826 4658 pie
1835 4598 1859 4636 ⁴⁵

533 4679 708 4732 credentium
736 4680 859 4748 deponat
887 4684 914 4731 et
943 4677 1075 4748 inceseret,
1106 4682 1135 4729 ut
1158 4676 1276 4729 ecclesia
1300 4682 1349 4729 tau
1374 4688 1430 4742 per
1457 4680 1495 4727 tot
1524 4674 1621 4728 secula
1645 4675 1748 4728 misere
1770 4673 1826 4727 col·

440 4757 459 4802 *
531 4763 614 4831 lapsa
629 4765 756 4831 priscum
773 4764 842 4816 bene
858 4763 969 4817 uiuendi
982 4762 1135 4829 exemplar
1150 4765 1278 4814 resumat
1292 4774 1346 4829 per
1361 4760 1504 4813 dominum
1521 4766 1650 4812 nostrum
1666 4758 1761 4812 lesum
1775 4756 1825 4825 hc,

690 4848 692 4850 ’
1011 4839 1100 4910 Τέλος
1116 4840 1168 4914 τῆς
1186 4841 1339 4910 λιτανείας.
1496 4834 1498 4837 ’

600 4974 616 5005 ¹¹
639 4973 706 5038 [loa.
721 4974 897 5038 Glnpionom,
917 4971 1146 5036 Francisoanum]
