4367 6084
537 698 611 768 434
632 714 924 764 oecumenem
938 728 1117 764 annornm.
1133 710 1498 765 CCCLXXXI.rrrnun.an
1512 730 1679 768 zvaramma.
1687 732 1714 766 n.
1723 723 1745 764 3.
1753 731 1830 766 rnna.

538 898 592 944 tem
616 888 734 951 miserit:
765 905 814 944 nee
837 906 895 944 mea
918 887 1004 942 refert
1026 889 1163 961 quomodo
1193 888 1236 944 bic
1264 895 1311 943 aut
1333 888 1462 961 Friburgi
1487 889 1598 945 vixerit:
1628 908 1685 963 qno
1706 891 1832 965 *sanetius

538 974 616 1036 vixit,
640 974 692 1029 boe
716 975 801 1045 tnagis
824 973 938 1045 gaudeo.
983 973 1016 1027 de
1039 973 1129 1028 aureis
1153 991 1222 1046 quus
1245 973 1368 1047 postulat
1390 973 1441 1028 sibi
1457 975 1531 1033 ilari,
1555 984 1670 1047 prostat
1692 974 1778 1035 sileri,
1800 991 1832 1028 ne

538 1058 660 1114 rideatur
682 1058 717 1113 ob
740 1058 809 1113 bane
830 1075 938 1112 causam
961 1057 1110 1112 intendisse
1132 1057 1307 1114 calumniam:
1331 1068 1394 1131 agat
1416 1059 1499 1114 amice
1522 1067 1550 1113 et
1572 1059 1681 1114 desinat
1702 1051 1832 1132 populum

539 1143 564 1196 in
589 1161 631 1197 me
652 1143 804 1203 concitare,
834 1160 888 1197 non
917 1143 1006 1215 patiar
1034 1159 1076 1198 me
1104 1142 1172 1198 rinei
1195 1142 1342 1203 civilitate:
1371 1143 1482 1198 uberius
1506 1142 1544 1198 illi
1568 1144 1701 1217 prodesse
1723 1162 1831 1217 possum

538 1245 618 1300 quarn
641 1229 663 1283 si
684 1229 744 1283 dein
767 1228 899 1283 ducentos
920 1244 1027 1282 aureos.

623 1313 699 1375 llaec,
723 1313 846 1386 inquam,
870 1312 1011 1385 respondit
1033 1311 1232 1394 Erasmus‘sna
1254 1331 1344 1368 mann.

944 1430 1074 1504 Sequitur
1096 1431 1229 1486 sententia
1253 1430 1434 1486 arbitrorum:

626 1532 776 1599 „Quoniam
798 1549 830 1587 ex
852 1549 988 1587 consensu
1010 1532 1154 1603 utriusque
1177 1531 1257 1586 nobis
1281 1533 1322 1587 ius
1345 1531 1448 1587 lecistis
1470 1531 1575 1587 dissidii
1599 1533 1673 1588 inter
1688 1551 1737 1589 ros
1752 1535 1831 1588 amice

539 1617 754 1691 ,sotiiponendt
776 1617 863 1671 visunt
886 1625 928 1671 est
952 1616 1031 1672 nobis
1054 1626 1083 1671 ut
1105 1616 1231 1671 dominus
1254 1616 1380 1672 Erasmus
1403 1617 1434 1671 ad
1457 1617 1608 1672 eritarrdanr
1631 1618 1785 1673 molestiam
1807 1628 1830 1672 ct

538 1703 678 1765 ...ricardum
701 1702 879 1757 (linistianarn
902 1701 1073 1757 curacurdiarn
1097 1709 1210 1774 praestet
1233 1702 1302 1757 duos
1326 1701 1552 1757 articulus'sicut
1582 1702 1686 1776 scripto
1716 1703 1858 1775 accepted

539 1807 608 1862 „pro
632 1788 714 1842 tertio
737 1787 831 1842 codem
855 1787 945 1841 animo
968 1804 1023 1841 non
1045 1784 1203 1859 gravabitur
1225 1787 1252 1840 in
1276 1786 1425 1842 subsidium
1447 1804 1597 1859 pauperum
1620 1788 1686 1842 clare
1716 1788 1830 1842 llorcnos

539 1874 666 1935 „circiter
680 1872 724 1926 XX
747 1880 843 1926 nostro
866 1871 979 1926 arbitrio
1001 1870 1208 1944 dispensandos.
1253 1870 1285 1925 Et
1308 1871 1365 1926 bae
1388 1870 1508 1926 iacienda
1531 1889 1674 1927 censemus
1696 1872 1765 1927 eitra
1787 1889 1831 1926 no·

539 1966 612 2019 „taur
635 1956 808 2019 alterutrius.
834 1964 937 2011 tantum
961 1964 990 2010 ut
1013 1956 1151 2029 utrimque
1174 1955 1298 2017 eliensis,
1324 1955 1443 2028 querelis
1466 1974 1496 2011 ae
1511 1956 1710 2029 suspitionibus
1726 1956 1830 2011 abolitis

539 2043 589 2103 „de
618 2042 727 2113 integro
756 2049 891 2096 certamen
920 2041 992 2095 inter
1021 2058 1068 2095 ros
1098 2040 1133 2094 sit
1163 2038 1357 2110 benevolentiae
1386 2058 1447 2095 cunr
1470 2040 1607 2096 oblivione
1631 2041 1830 2114 praeteritorum

538 2127 692 2189 „omninum
716 2126 828 2199 perinde
850 2126 927 2199 quasi
951 2124 1017 2179 nibil
1039 2133 1112 2180 esset
1135 2132 1182 2179 ant
1203 2125 1304 2180 dietum
1327 2134 1374 2180 aut
1397 2125 1504 2181 lactum.
1549 2125 1679 2181 llorninus
1702 2125 1856 2181 ttenacusn

539 2210 784 2285 „lepbcndorpius
806 2218 912 2284 prernat
934 2210 1023 2283 siquid
1046 2209 1170 2283 scripsit.
1199 2219 1227 2264 ct
1250 2210 1358 2283 utrique
1388 2209 1503 2266 liberunt
1532 2209 1713 2283 relinquimus
1742 2228 1774 2266 an
1797 2210 1829 2263 ri·

540 2297 651 2359 ,sissinr
675 2295 768 2369 aliquo
791 2284 987 2350 beneuolentiae
1010 2294 1134 2368 symbolo
1157 2311 1190 2348 an
1213 2295 1306 2368 potius
1330 2303 1423 2349 mutuo
1447 2295 1535 2350 aninro
1558 2297 1681 2351 currtenti
1712 2313 1772 2350 esse
1792 2312 1829 2349 re·

539 2381 618 2442 „lint
663 2381 758 2436 bctuur
782 2379 892 2436 llasileae
915 2380 1047 2454 postridie
1070 2378 1267 2452 purilieationis
1290 2381 1367 2434 Anno
1383 2378 1566 2434 ll.ll.lin'lll.

1063 2464 1180 2526 „ilcatus
1203 2464 1347 2520 lllrenanus
1371 2472 1399 2520 et
1421 2464 1447 2517 ll.
1464 2464 1659 2520 llrucrbae'lrius
1683 2461 1750 2521 def·

992 2704 1024 2707 a-
1033 2694 1320 2711 ἡ*

518 3031 520 3034 .
559 2951 692 2984 nauum.
1049 2914 1330 2990 CCCLXXXI.
1627 2944 1647 2983 ι.
1662 2951 1742 2983 rana.
1759 2945 1811 2982 nes.
1833 2941 1853 2979 ιι

1605 3001 1826 3012 ——a-——a-

881 3088 1042 3145 llENlllCl'S
1064 3092 1107 3145 ,to
1128 3090 1318 3147 tentarunt*
1341 3091 1492 3145 lelll'GLlll

626 3226 711 3281 Salve.
755 3224 930 3281 lnstituerarn
953 3226 1064 3282 Bernam
1095 3226 1186 3281 venire
1217 3226 1359 3282 auditurus
1389 3227 1524 3300 quomodo
1554 3227 1654 3284 fratres
1688 3227 1827 3300 scripturas

541 3312 720 3372 conferretis,
749 3311 796 3365 scd
825 3310 943 3382 negotiis
973 3311 1133 3384 quibusdam
1164 3310 1356 3383 ingruentibus
1385 3320 1448 3384 post
1471 3329 1559 3372 saera.
1590 3320 1620 3367 nt
1643 3312 1736 3372 aiunt.
1765 3308 1828 3365 llasi·

545 3398 613 3454 leani
636 3396 744 3470 appuli.
768 3414 799 3450 cx
822 3395 882 3451 aliis
907 3405 1087 3471 percunctans
1111 3396 1183 3468 quod
1206 3395 1265 3470 ipse
1288 3414 1362 3451 cram
1384 3396 1540 3457 auditurus.
1565 3413 1614 3453 nee
1637 3406 1727 3452 tanuen
1742 3395 1828 3450 dubito

543 3483 609 3556 «prin
631 3483 756 3536 Christus
779 3499 828 3535 suo
852 3480 960 3536 all'uerit
984 3481 1110 3553 negotio,
1140 3489 1276 3553 utcunque
1305 3480 1515 3537 reclamantibus
1539 3481 1572 3536 iis
1595 3482 1641 3555 qni
1665 3480 1853 3535 arrtictirisua

542 3567 756 3641 patrocinantur.
802 3566 866 3620 Sum
896 3582 966 3620 tiuare
994 3565 1037 3621 bie
1060 3574 1090 3620 ut
1118 3582 1245 3637 magnum
1274 3564 1350 3621 illurn
1374 3565 1512 3621 Erasmuru
1541 3567 1572 3620 ad
1596 3565 1760 3638 palinodiam
1782 3562 1829 3618 adi·
1903 3622 1907 3635 Ι

542 3670 620 3723 garni:
644 3651 683 3706 sie
705 3651 776 3704 enirn
799 3650 965 3705 coacervatis
989 3651 1014 3703 in
1039 3667 1089 3705 nos
1112 3650 1258 3705 rncndaeiis
1280 3649 1348 3705 elatu
1372 3658 1398 3704 ct
1419 3655 1472 3705 'rne-
1487 3650 1573 3705 inscio
1596 3651 1667 3724 apud
1691 3649 1828 3721 Georgium

542 3735 665 3791 Saronim
687 3743 715 3789 ct
738 3743 862 3789 nostrum
886 3735 1036 3808 principem
1060 3752 1102 3790 rne
1126 3734 1256 3794 traduxit,
1280 3743 1310 3789 ut
1333 3751 1387 3790 non
1411 3735 1609 3790 existimatione
1626 3734 1722 3793 modo,
1746 3748 1828 3788 sertin

542 3821 622 3875 etiarn
652 3819 771 3874 fortunis
799 3818 924 3873 omnibus
954 3827 982 3873 et
1011 3819 1061 3873 vita
1093 3819 1238 3892 periclitati
1262 3819 1355 3875 sinrus.
1401 3837 1481 3893 spero
1505 3837 1547 3886 inc
1570 3819 1609 3874 sie
1639 3827 1777 3876 acturum.
1805 3824 1829 3868 ut

542 3921 634 3958 sonent
657 3902 835 3973 malignitatis
858 3920 913 3956 suae
937 3903 1076 3975 preniteat.
1122 3902 1232 3958 llntteni
1256 3904 1345 3976 siquid
1373 3904 1456 3959 babes
1485 3921 1645 3977 (alterarum,
1675 3920 1767 3977 qruesu
1789 3908 1856 3955 ant³⁰

544 3988 713 4042 transmittas
735 3986 767 4039 ad
791 4003 841 4040 nos
864 3994 911 4040 aut
933 3984 1027 4040 saltem
1051 3986 1204 4058 signiliees,
1228 3997 1255 4043 et
1278 3989 1328 4043 boe
1352 3988 1377 4043 in
1402 3997 1520 4062 quatuor
1534 3988 1639 4044 dierum
1656 3988 1759 4062 spatio.
1782 4001 1828 4040 raon

542 4072 613 4125 eninr
635 4071 681 4125 din
705 4070 748 4124 lrie
770 4069 964 4131 desidebirnus,
988 4072 1162 4144 prospecturi
1186 4090 1219 4127 nc
1243 4090 1274 4127 ex
1296 4073 1394 4128 merito
1417 4073 1488 4128 desit
1510 4073 1641 4128 ‹leltrneto
1657 4090 1724 4128 suus
1740 4072 1828 4127 horror.

529 4156 654 4210 interim
677 4155 746 4209 bene
770 4153 835 4209 vale.
880 4153 916 4208 Ex
939 4154 1051 4210 llasilea.
1076 4164 1100 4216 3.
1117 4155 1195 4213 Febr.
1214 4164 1288 4217 15‘28.

1368 4241 1500 4298 llenricus
1523 4241 1556 4296 ab
1579 4241 1752 4316 Eppeudorll.

544 4423 738 4473 ccctixxxl.
765 4421 825 4470 l:
837 4421 919 4489 (beia)
934 4421 1059 4485 (tralatu—3
1077 4437 1128 4476 uun
1142 4423 1289 4477 edulcatam.
1309 4424 1369 4488 unt.
1383 4424 1418 4473 II.
1438 4422 1537 4498 giutid).
1554 4423 1626 4473 troo.
1645 4421 1682 4472 80.
1699 4421 1735 4477 (ἐ.
1748 4420 1801 4472 tna.
1814 4417 1829 4482 i.

728 4508 790 4555 2:
803 4507 925 4570 Zvinglii
939 4507 1008 4571 Opp.
1024 4508 1093 4567 (lnd.
1109 4509 1176 4556 bibl.
1191 4508 1277 4557 ntr'lt.
1292 4526 1323 4573 p.⁴
1336 4508 1391 4557 llll.
1406 4523 1446 4570 sq.
1461 4506 1547 4567 (1528.
1561 4506 1599 4555 n⁰.
1613 4507 1651 4569 ll.)
1809 4527 1811 4529 >

611 4695 749 4745 ³vldetur
769 4703 792 4744 1.
840 4694 850 4725 ⁴
870 4695 986 4743 ciuitate
1007 4698 1030 4743 1.
1080 4693 1101 4726 ¹⁰
1119 4695 1185 4744 duos
1206 4692 1267 4758 art]
1288 4694 1321 4743 de
1341 4693 1463 4759 epistula
1482 4693 1570 4758 deque
1589 4695 1756 4758 praefatione
1769 4691 1828 4742 seri·

545 4781 652 4830 berulis.
707 4779 727 4811 ’ὃ
745 4779 775 4829 3:
784 4780 939 4829 Februarii.
954 4782 979 4827 2.

611 4863 632 4894 ²⁹
651 4879 743 4913 suanus
762 4867 788 4913 2.
841 4862 862 4894 ³³
881 4865 922 4912 Ex
940 4863 1053 4913 anilea
1071 4867 1142 4913 ornis,
1157 4865 1181 4912 1.
