4367 6084
529 728 603 800 466
624 741 777 795 CCCXCV.
791 757 894 797 osone.
909 758 1004 797 sanior
1018 759 1055 797 au
1068 759 1271 800 cirrurvncrtt
1285 761 1328 800 nr.
1339 761 1432 800 urnac.
1446 762 1620 803 subsereret
1634 764 1719 805 nure.
1733 758 1819 807 mitti
1853 802 1854 807 ,

530 922 636 995 garium
660 922 851 992 negociorum.
880 921 928 976 sed
950 922 1047 993 ingens
1070 940 1136 978 usus
1159 922 1334 979 maximarum
1355 942 1496 981 causarum
1520 925 1546 980 in
1569 943 1739 982 summorum
1755 929 1822 1001 prin·

529 1009 619 1080 cipum
636 1005 767 1062 consiliis.
811 1007 858 1062 Est
880 1015 984 1068 anatem,
1005 1015 1036 1062 ut
1058 1009 1124 1070 scis,
1146 1025 1241 1080 magua
1263 1009 1457 1081 poeticaecum
1477 1017 1618 1067 oratorum
1642 1012 1769 1067 facultate
1787 1021 1822 1067 at·

532 1110 584 1165 que
606 1091 761 1165 eloquentia
783 1092 919 1164 cognatio.
963 1090 1051 1158 Quare
1077 1093 1135 1148 scio
1161 1101 1186 1147 te
1213 1101 1241 1148 et
1263 1094 1472 1166 prudentissime
1496 1095 1616 1151 iudicare
1640 1097 1673 1152 de
1696 1097 1822 1169 poematis

462 1170 467 1181 '
531 1186 559 1232 et
581 1176 698 1231 libenter
720 1193 751 1231 ea
771 1194 832 1249 quaa
856 1176 1029 1232 mediocriter
1049 1177 1150 1250 scripta
1173 1185 1236 1232 sunt
1258 1177 1359 1250 legere.
1404 1180 1515 1235 Videtur
1534 1189 1624 1236 autern
1647 1181 1713 1236 mibi
1736 1181 1822 1235 Hutte·

530 1280 581 1317 nus
604 1260 750 1334 plurimum
774 1261 884 1333 ingenio
905 1261 1034 1324 valuisse,
1065 1262 1090 1316 id
1114 1262 1186 1335 quod
1209 1263 1235 1316 in
1259 1263 1311 1317 boe
1332 1265 1451 1319 camnine
1477 1265 1595 1338 perspici
1623 1273 1731 1338 potest:
1757 1267 1837 1320 miros

530 1348 602 1402 euinr
624 1345 740 1401 consilio
763 1346 790 1400 iu
816 1347 897 1401 unius
919 1346 1052 1418 Principis
1073 1364 1172 1420 pompa
1193 1364 1287 1402 onmes
1312 1356 1431 1405 veterum
1454 1349 1650 1405 Germanorum
1676 1359 1758 1422 atque
1778 1350 1821 1404 inr-

531 1440 688 1505 poratorum
718 1438 875 1487 nostrorum
904 1448 947 1485 res
975 1440 1067 1502 gestas
1096 1428 1302 1504 complectitur;
1331 1440 1359 1488 et
1386 1434 1457 1489 sicut
1480 1432 1613 1489 llomerus
1643 1435 1671 1488 in
1700 1434 1820 1506 catalogo

531 1517 637 1572 narium
657 1516 743 1571 totius
765 1515 876 1571 Graecire
901 1516 978 1589 quasi
1002 1516 1136 1588 quandam
1159 1513 1368 1590 χωρογραφίαν
1390 1518 1494 1591 pingit,
1522 1517 1561 1572 ita
1584 1517 1722 1573 lluttcnns
1744 1518 1819 1591 aptis·

530 1602 597 1656 siure
620 1599 750 1656 describit
773 1617 867 1654 ornnes
886 1600 1036 1655 Gerruaniae
1059 1608 1164 1673 partes,
1188 1601 1328 1673 regiones,
1349 1611 1459 1674 gentes,
1484 1601 1602 1657 llumiua.
1648 1603 1723 1658 llanc
1745 1602 1819 1657 ratio·

529 1704 589 1741 uem
612 1685 761 1759 explicandi
783 1693 896 1740 ornatus
918 1693 945 1739 et
966 1685 1042 1756 quasi
1061 1685 1238 1740 ceconomiam
1261 1703 1315 1741 non
1334 1687 1393 1741 sine
1411 1685 1550 1760 voluptate
1570 1686 1688 1759 spectari
1707 1687 1844 1742 adoctisu

529 1771 658 1825 arbitror.
703 1769 736 1824 Et
763 1768 865 1824 addidit
894 1786 990 1824 suumn
1019 1768 1100 1823 rebus
1131 1770 1214 1824 tantis
1243 1771 1448 1826 convenientem
1477 1779 1505 1826 et
1531 1771 1635 1842 grande
1656 1788 1745 1844 genus
1765 1788 1818 1825 ver·

529 1873 621 1926 suum,
642 1855 668 1909 in
691 1872 746 1927 quo
768 1854 820 1909 etsi
840 1854 994 1909 desiderare
1012 1853 1113 1927 aliquid
1136 1853 1223 1909 critici
1246 1855 1363 1910 fortasse
1386 1864 1502 1929 queant,
1525 1864 1552 1909 et
1573 1856 1601 1910 iu
1621 1856 1682 1929 ipso
1702 1857 1817 1928 quiedam

507 1948 596 2010 ,atas
619 1940 742 1994 suaviora
765 1939 941 1999 reddidisset,
972 1946 1059 1993 tamen
1090 1955 1169 1993 nemo
1199 1946 1252 1994 tam
1283 1939 1391 2012 iniquus
1413 1957 1512 1995 censor
1534 1939 1631 2001 suerit,
1657 1941 1723 2013 quin
1745 1939 1817 1995 lateri

528 2032 642 2096 cogatur
664 2023 747 2078 multa
772 2023 798 2078 in
822 2023 874 2078 boc
893 2023 1145 2094 cariniuc'egregia
1175 2022 1275 2078 lumina
1304 2041 1364 2079 essu
1389 2023 1531 2079 verborum
1560 2041 1590 2079 ac
1616 2025 1817 2079 sententiarum.

529 2110 581 2164 Sed
604 2109 652 2163 tibi
675 2108 801 2163 iudicium
820 2107 853 2164 de
876 2115 935 2163 toto
958 2108 1061 2181 scripto
1082 2108 1228 2179 permitto;
1251 2125 1303 2180 ego
1322 2108 1429 2181 quidem
1449 2125 1482 2163 co
1498 2108 1547 2163 tibi
1562 2109 1694 2169 dedicari,
1718 2118 1842 2164 uteumu

529 2193 577 2247 tibi
609 2193 718 2266 probari
750 2192 935 2247 existimarent
963 2192 1072 2252 caeteri,
1108 2200 1153 2246 tua
1180 2192 1328 2247 autoritate
1354 2193 1483 2248 commoti
1511 2192 1614 2247 aridius
1643 2192 1766 2264 legerent
1792 2200 1818 2246 et

528 2278 589 2351 ipsi.
635 2279 727 2351 ltaque
758 2287 785 2333 te
809 2277 890 2332 etiarn
920 2286 1002 2350 atque
1031 2277 1111 2331 etiam
1140 2293 1207 2338 oro,
1235 2284 1266 2331 ut
1293 2277 1361 2331 barre
1387 2286 1508 2332 nostram
1529 2277 1736 2349 inscriptionem
1757 2276 1815 2330 boni

527 2362 669 2424 consulas,
692 2371 719 2417 et
735 2364 826 2417 larore
843 2371 889 2417 tuo
913 2362 971 2418 bec
993 2370 1085 2416 nostra
1109 2361 1198 2416 studia
1218 2361 1338 2416 lucensi
1353 2378 1441 2435 neque
1458 2362 1529 2416 enim
1546 2362 1656 2432 ignoras
1674 2361 1742 2415 banc
1757 2369 1817 2416 :eta-

529 2456 582 2502 tem
603 2447 735 2522 imprimis
758 2447 872 2502 ferream
898 2464 958 2501 csse
971 2445 1081 2511 ,literis
1104 2445 1202 2518 quibus
1220 2454 1293 2501 certo
1313 2446 1359 2500 isti
1375 2446 1512 2519 principue
1527 2445 1628 2501 debent
1644 2462 1725 2519 opem
1741 2445 1815 2503 serre.

528 2532 573 2604 qui
597 2549 689 2587 carum
713 2532 763 2586 rim
787 2550 817 2587 ae
839 2531 1000 2604 dignitatem
1023 2529 1136 2585 maxime
1159 2529 1327 2603 intelligunt.
1353 2532 1409 2585 dc
1431 2531 1455 2585 si
1475 2530 1604 2602 cognatio
1625 2538 1682 2591 est,
1705 2537 1737 2584 ut
1758 2537 1840 2583 anteo

526 2617 594 2677 dixi.
616 2618 661 2691 bis
680 2616 747 2670 urreis
770 2616 868 2670 studiis
889 2633 949 2670 curn
972 2613 1017 2669 illa
1040 2615 1348 2688 praestantissimaque
1372 2614 1398 2669 iu
1423 2632 1474 2687 qua
1498 2623 1528 2669 tu
1551 2614 1682 2676 versaris¹
1706 2615 1762 2669 iure
1778 2629 1815 2667 me

528 2701 576 2755 tibi
595 2709 710 2774 propter
731 2717 872 2756 commuue
897 2700 984 2754 imdus
1007 2698 1107 2773 artium
1127 2700 1301 2760 commendo,
1325 2687 1396 2772 quod
1420 2699 1528 2772 quidem
1544 2698 1746 2754 sanctissimum
1761 2713 1816 2752 esse

527 2786 622 2847 demes,
652 2785 674 2839 si
697 2783 831 2856 cogitabis
855 2785 879 2838 id
900 2785 974 2856 quod
995 2801 1039 2839 res
1061 2792 1117 2844 est,
1145 2783 1261 2837 divinam
1284 2783 1416 2856 quandam
1439 2783 1482 2838 bis
1504 2782 1608 2838 artibus
1632 2783 1705 2837 iuter
1728 2800 1756 2836 se
1775 2798 1816 2835 co·

527 2870 685 2941 gnatiouem
710 2886 785 2930 esse,
816 2869 879 2941 quia
908 2877 1004 2924 neutra
1031 2869 1148 2923 existere
1171 2868 1197 2922 in
1224 2868 1363 2923 bominum
1388 2868 1504 2941 ingeniis
1527 2874 1621 2941 potest
1643 2866 1703 2922 sine
1729 2865 1816 2923 afflatu

526 2953 619 3026 aliquo
643 2971 673 3008 ac
695 2959 771 3008 motu
793 2952 899 3008 divino:
927 2953 1027 3009 etenim
1058 2952 1131 3025 quod
1159 2951 1237 3007 Plato
1256 2952 1345 3026 inquit
1368 2953 1401 3007 dc
1422 2952 1526 3026 poetis,
1554 2951 1641 3023 magis
1664 2968 1713 3007 eos
1734 2951 1841 3005 divinari

527 3039 641 3112 quadani
660 3038 684 3092 ri
708 3055 787 3110 quam
809 3045 868 3093 arte
889 3037 1004 3099 moveri,
1027 3036 1161 3110 planeque
1184 3035 1297 3091 deorum
1319 3038 1483 3110 interpretes
1506 3053 1567 3091 esse
1586 3037 1747 3092 acdeorum
1767 3031 1815 3088 rel·

527 3124 566 3178 uti
593 3124 693 3178 dictata
720 3122 754 3176 ad
776 3122 899 3178 bomines
921 3122 1058 3194 perferre.
1088 3121 1157 3176 idem
1188 3139 1248 3176 vere
1273 3129 1365 3194 polest
1394 3121 1427 3176 de
1450 3122 1545 3176 eximia
1568 3138 1599 3177 ao
1621 3121 1744 3195 perlecta
1765 3117 1816 3173 elo·

527 3208 637 3282 quentia
660 3207 802 3268 affirmari,
823 3225 882 3263 euru
904 3224 957 3262 non
978 3224 1061 3279 posse
1082 3206 1141 3261 sine
1164 3204 1256 3278 aliquo
1277 3205 1368 3261 divino
1384 3213 1460 3261 nrotu
1475 3215 1610 3263 constare.
1655 3203 1745 3272 Quare
1760 3219 1815 3258 cum

527 3293 553 3348 in
577 3302 692 3365 utraque
713 3301 771 3347 arte
790 3292 912 3366 quaedam
939 3291 1003 3345 insit
1021 3291 1162 3351 divinitas,
1186 3307 1267 3363 spero
1287 3278 1458 3346 te‘nostrum
1478 3291 1530 3346 boc
1552 3307 1640 3363 genus
1661 3289 1744 3344 studii
1766 3303 1815 3342 nou

525 3377 613 3434 solum
636 3377 765 3438 libenter,
789 3377 836 3433 scd
858 3377 939 3431 etiam
955 3374 1083 3447 religiose
1099 3375 1272 3430 defensurum
1288 3392 1357 3431 esse.
1379 3374 1530 3441 benevale.
1553 3377 1632 3429 Anno
1648 3370 1842 3428 munninio

594 3561 640 3610 Eae
654 3561 757 3624 Aepidii
768 3560 908 3608 Periandri
920 3559 1056 3606 Gerreania
1075 3557 1129 3620 (b's.
1147 3556 1218 3605 1567.
1232 3555 1268 3605 8⁰.
1281 3555 1388 3620 ptati.)
1402 3556 1568 3621 rrebbenpimus
1580 3571 1668 3605 uersus
1680 3571 1743 3621 quos
1757 3555 1816 3618 fecit

908 3661 1083 3720 IOANNES
1106 3663 1154 3716 LA
1163 3660 1447 3717 VTERBACHIVS

886 3751 1028 3802 inertem
1059 3744 1303 3816 Versificatobiam
1327 3746 1456 3801 Hutteni.

814 3866 870 3932 Oiai
886 3869 970 3939 cupis
991 3867 1099 3920 utiliter
1117 3866 1213 3919 doctos
1233 3879 1404 3935 cognoscere
1427 3870 1506 3919 votes

881 3953 1023 4022 Certaque
1041 3950 1163 4021 legitima
1181 3950 1300 4019 inrepere
1319 3949 1417 4015 verba,
1426 3949 1509 4018 pede,

816 4037 857 4090 Ne
881 4038 956 4090 eelatt
977 4037 1052 4089 ulter
1073 4048 1124 4088 cos
1145 4034 1262 4088 incertis
1284 4032 1474 4098 hierusalis,
1588 4026 1590 4029 ’

798 4188 802 4197 ¹
882 4121 923 4175 Ne
944 4121 1031 4174 simili
1048 4132 1157 4188 pereas
1176 4134 1239 4172 cum
1262 4117 1549 4181 placituramodo,

815 4205 881 4260 Huc
900 4206 969 4259 odes
991 4210 1018 4258 et
1040 4204 1133 4257 studio
1156 4202 1234 4273 vigili
1250 4203 1385 4273 perdiscc
1408 4202 1531 4256 libellum

881 4289 988 4343 Nobilis
1009 4287 1132 4341 Hertterti
1154 4301 1236 4357 quem
1257 4287 1307 4341 tibi
1324 4285 1410 4340 Musa
1429 4286 1522 4340 dedit.-

813 4375 949 4440 (lueenom
972 4373 1124 4428 servande
1142 4371 1257 4427 venierat
1275 4373 1304 4426 in
1327 4372 1456 4425 caratiae
1473 4370 1557 4440 leges,

881 4459 1007 4514 Hutterto
1029 4458 1143 4512 brevius
1165 4471 1246 4510 reema
1266 4463 1352 4528 pocta
1371 4456 1460 4509 docet.

527 4575 728 4585 -----

592 4663 602 4693 ⁶⁵
621 4659 749 4726 lugere]
769 4661 911 4724 regionum
930 4656 1158 4719 descriptionem,
1179 4652 1418 4718 chorographiam.
1471 4649 1494 4682 ²⁵
1512 4647 1602 4715 Pluto]
1623 4649 1663 4699 lo.
1680 4665 1706 4714 p.
1720 4645 1777 4698 534.
1791 4659 1811 4694 e.

525 4737 556 4796 lv
573 4739 664 4807 τούτῳ
682 4739 736 4809 γὰρ
756 4736 793 4808 δὴ
811 4735 933 4807 μάλιστα
951 4735 999 4805 μοὶ
1019 4738 1104 4788 δοκεῖ
1118 4730 1132 4788 ὁ
1152 4731 1223 4795 θεὸς
1241 4730 1429 4798 ἐνδείξασθαι
1447 4726 1518 4800 ἡμῖν
1531 4733 1580 4784 ἵνα
1592 4728 1632 4799 μή
1647 4726 1812 4796 δισταζωμεν

523 4819 566 4880 ὅτι
585 4820 637 4878 oria
656 4820 830 4890 ἀνθρώπινά
849 4818 906 4876 ἔστι
924 4818 959 4874 cai
978 4817 1051 4874 καλὰ
1070 4821 1160 4872 ταῦτα
1177 4816 1338 4888 ποιήματα,
1362 4812 1431 4870 οὐδὲ
1449 4811 1628 4882 ανθρώπων,
1651 4810 1725 4867 aitte
1748 4816 1812 4865 θεῖα

523 4910 572 4963 καὶ
591 4911 685 4962 θεῶν·
704 4906 734 4962 οἴ
751 4905 783 4961 di
801 4906 918 4974 norperti
937 4899 1024 4958 οὐδὲν
1036 4897 1101 4956 aitt’
1128 4895 1146 4972 ἦ
1168 4898 1300 4972 {opiparis
1322 4899 1377 4955 ciel
1394 4903 1450 4955 τῶν
1468 4903 1560 4965 θεῶν,
1584 4894 1769 4967 κατεχόμενοι
1787 4890 1812 4958 ἐξ

524 4989 591 5045 ὅτου
613 4984 651 5043 ἂν
676 4989 792 5053 ἕκαστος
815 4989 977 5059 κατέχηται.
1047 4990 1069 5022 ³²
1092 4988 1291 5054 Lauterbaehd
1312 4990 1355 5040 cf.
1374 5004 1457 5053 supra
1475 5005 1503 5052 p.
1521 4986 1580 5037 366.

970 5138 1354 5156 ›·-—-—=-—-—
