4367 6084
539 710 613 779 464
651 724 816 775 CCCXCIV.
838 720 923 787 [avom
937 721 1030 789 unum]
1049 740 1086 775 ιο
1098 739 1262 775 nronoormr
1275 740 1332 774 ros.
1347 741 1430 774 cnour
1446 741 1570 775 evaeum
1585 739 1748 776 nssuousro.
1768 734 1817 774 ran.

538 897 592 952 illis
611 896 819 970 scriptionibus,
853 897 951 969 quibus
978 898 1074 952 lamam
1102 905 1210 953 tuorum
1235 898 1277 952 ita
1306 897 1391 953 tueris
1418 903 1449 951 ut
1472 890 1542 951 alios
1564 896 1633 951 nihil
1656 896 1725 952 male
1747 899 1779 953 de
1799 906 1819 952 te

537 981 648 1036 meritos
667 980 783 1041 laceres,
807 989 838 1035 ut
859 983 965 1036 cineres
988 981 1068 1036 ctiam
1090 988 1171 1054 atque
1187 999 1250 1037 ossa
1268 982 1317 1035 viri
1333 981 1400 1036 satis
1417 980 1490 1041 noti,
1513 979 1638 1035 Doctoris
1655 981 1747 1042 Crusi,
1766 999 1820 1036 cru·

536 1064 773 1120 ‹leliter·inlamcs
799 1073 827 1119 et
856 1065 1044 1139 persequaris,
1074 1082 1127 1136 ego
1156 1064 1235 1120 binos
1261 1064 1369 1121 libellos
1398 1081 1514 1137 quorum
1544 1063 1624 1119 alteri
1660 1064 1755 1120 titulus
1785 1073 1820 1121 cst

538 1147 643 1204 ‘ltalica
666 1147 815 1221 Theologia
837 1149 933 1209 Croti’,
967 1148 1047 1203 alteri
1076 1140 1217 1222 ‘Epistolae
1240 1148 1519 1208 Lutlrcranaedroti’,
1543 1148 1624 1203 etiam
1655 1149 1688 1203 ad
1711 1158 1745 1224 ¹te
1767 1150 1820 1203 mit·

468 1232 526 1282 110-
537 1240 604 1295 mm,
636 1241 667 1287 ut
694 1249 726 1286 ex
753 1233 795 1288 lris
822 1233 939 1306 teipsum
962 1233 1062 1287 intueri
1091 1242 1119 1287 et
1144 1232 1323 1306 contemplari
1351 1231 1449 1305 possis.
1500 1230 1551 1286 Sed
1581 1240 1726 1304 antequam
1749 1231 1836 1309 „clau-a

535 1316 595 1372 dam
617 1315 730 1372 amicum
750 1315 927 1388 Epistolium,
955 1316 1032 1371 amici
1057 1317 1130 1372 serio
1157 1316 1252 1372 faciam
1278 1316 1410 1376 officium,
1445 1324 1525 1387 teque
1556 1315 1739 1375 cohortabor.
1770 1318 1820 1390 ipse

536 1400 584 1455 tibi
603 1400 630 1454 in
653 1399 809 1455 memoriam
829 1400 937 1472 redigas
959 1407 987 1455 ct
1009 1400 1115 1472 cogites
1136 1400 1207 1455 inter
1224 1418 1294 1473 quos
1315 1418 1330 1456 a
1354 1399 1456 1455 teneris
1479 1399 1578 1458 lucris,
1602 1399 1628 1453 in
1652 1400 1752 1472 quibus
1771 1409 1820 1455 stu-

534 1484 600 1545 diis,
630 1484 702 1539 inter
723 1500 793 1556 quos
812 1484 936 1543 homiues
957 1484 1044 1545 altus,
1066 1485 1211 1544 educatus,
1235 1484 1333 1557 quibus
1355 1481 1476 1539 moribus
1498 1492 1525 1538 et
1554 1483 1682 1539 sensibus
1709 1484 1820 1540 imbutus

534 1577 562 1624 et
582 1567 730 1623 innutritus
752 1568 805 1630 sis,
828 1576 855 1622 ct
877 1568 1005 1623 adversus
1028 1585 1097 1640 quos
1117 1585 1188 1623 nuuc
1209 1569 1286 1641 quasi
1307 1567 1413 1641 magnis
1434 1566 1596 1622 eruditionis
1617 1575 1645 1621 et
1663 1567 1819 1641 eloquentia

534 1651 635 1707 viribus
658 1660 790 1723 armatum
810 1660 836 1707 te
856 1659 993 1714 ostentes,
1013 1653 1141 1708 adversus
1157 1669 1229 1725 quos
1242 1651 1334 1708 stilum
1358 1651 1450 1720 illum,
1472 1668 1530 1707 non
1555 1651 1592 1706 ita
1617 1652 1846 1712 formidabilemu

534 1752 630 1792 acuere
651 1735 797 1802 miniteris,
828 1735 941 1791 maxime
968 1744 1058 1791 autem
1088 1753 1143 1808 quo
1165 1752 1235 1791 nunc
1257 1736 1356 1792 abieris
1378 1744 1418 1796 et,
1447 1744 1478 1790 ut
1501 1735 1612 1791 omnino
1632 1735 1699 1790 velis
1717 1751 1818 1797 nocere,

534 1820 598 1893 quid
620 1819 664 1874 illa
687 1817 728 1889 (ut
748 1819 946 1876 modestissime
967 1817 1063 1890 dicam)
1086 1819 1215 1880 obscura,
1240 1819 1377 1893 plumbea,
1399 1819 1538 1880 intricata,
1562 1818 1691 1892 impedita
1707 1821 1819 1876 dictione

535 1904 681 1959 effecturus
703 1903 750 1965 sis,
775 1904 838 1976 quid
862 1912 915 1958 tuae
937 1905 1007 1958 vires
1027 1904 1053 1957 in
1075 1904 1131 1959 acic
1145 1903 1309 1976 Theologica
1329 1903 1450 1959 valiturae
1470 1903 1538 1964 sint,
1558 1921 1620 1958 cum
1637 1904 1687 1958 lrac
1702 1905 1818 1960 allectata

466 1987 746 2044 §.tbrhctoricatione
770 1991 837 2043 adeo
857 1987 925 2042 nihil
949 1995 1079 2060 pugnent.
1124 1988 1236 2060 lngeuio
1261 1996 1307 2042 tuo
1330 2006 1437 2061 semper
1456 1986 1557 2060 aliquid
1580 1987 1710 2043 tribuisse
1733 1988 1819 2044 dicun·

535 2080 579 2127 tur
601 2071 642 2142 (ut
663 2080 727 2128 tunc
748 2079 807 2128 erat
829 2071 959 2142 seculum)
983 2072 1028 2144 qui
1052 2088 1107 2127 non
1130 2071 1285 2127 stultissimi
1308 2089 1356 2127 uec
1377 2071 1555 2127 indoctissimi
1578 2080 1671 2132 erant,
1695 2081 1722 2127 ct
1745 2072 1845 2128 facilen

532 2157 627 2216 credo,
651 2155 673 2210 si
697 2157 766 2229 apud
789 2164 815 2212 te
836 2156 948 2216 luisses,
975 2156 998 2210 si
1021 2172 1075 2211 non
1094 2173 1126 2210 ex
1149 2156 1208 2228 ipso
1229 2174 1327 2229 pavore
1348 2156 1425 2211 malae
1447 2156 1621 2212 conscientiae
1643 2156 1721 2229 quasi
1744 2157 1818 2212 hebo·

533 2247 631 2301 tatum,
660 2249 687 2295 et
713 2241 740 2295 in
763 2240 854 2313 seipso
877 2240 991 2295 tractum
1014 2258 1045 2295 ac
1073 2247 1195 2295 retusum
1222 2248 1295 2294 esset
1320 2240 1472 2312 ingenium,
1506 2249 1533 2294 et
1556 2239 1687 2302 ieiunior.
1719 2240 1818 2313 langui·

531 2324 592 2379 dior
619 2333 647 2378 et
673 2324 840 2397 inquinatior
858 2324 928 2379 lacta
950 2332 1023 2379 esset
1045 2324 1147 2384 oratio,
1175 2324 1248 2396 quod
1276 2324 1346 2379 banc
1376 2325 1461 2397 ipsam
1483 2323 1645 2396 Apologiam
1667 2323 1721 2380 alio
1743 2343 1818 2398 argu·

533 2414 625 2463 mento
647 2408 819 2481 scripsisses,
843 2407 940 2481 paulo,
963 2416 994 2463 ut
1016 2408 1055 2463 sic
1074 2407 1187 2480 loquar,
1209 2407 1371 2469 defecatius,
1392 2408 1474 2464 rebus
1496 2417 1523 2462 ct
1544 2424 1670 2480 personae
1691 2417 1817 2482 attempe-

463 2491 633 2554 aumatium
656 2493 688 2546 ad
711 2510 789 2564 quam
813 2492 836 2545 si
855 2491 950 2547 ordine
971 2491 1068 2546 liberet
1090 2487 1283 2565 respondere?
1302 2491 1405 2547 videres
1429 2501 1454 2547 te
1475 2491 1612 2564 depictum
1634 2500 1664 2547 et
1686 2493 1845 2566 expictumro

531 2581 619 2630 totum
641 2583 669 2629 ct
691 2576 788 2630 mentis
809 2583 862 2629 tum
885 2575 1027 2648 imaginem
1051 2575 1099 2630 tibi
1122 2583 1272 2636 ostensam,
1295 2592 1391 2648 nempe
1414 2576 1564 2631 orationem
1587 2584 1662 2631 tuam
1685 2576 1816 2632 horridam

531 2665 558 2713 et
580 2660 734 2720 conlusaur;
763 2659 847 2713 multa
873 2659 944 2713 enim
971 2659 1038 2714 dicis
1067 2659 1183 2731 trepide,
1211 2659 1378 2714 lrmrcntibus
1400 2659 1426 2714 iu
1450 2677 1497 2714 ore
1521 2659 1623 2720 verbis,
1648 2667 1676 2714 et
1698 2661 1815 2722 confuse,

531 2740 615 2797 multa
634 2742 804 2816 displicitura
826 2741 879 2796 illis
904 2743 983 2815 ipsis,
1007 2743 1106 2815 quibus
1129 2744 1221 2799 studes
1242 2743 1364 2816 placerc;
1387 2743 1475 2798 omnia
1498 2752 1588 2798 autem
1612 2744 1671 2799 sine
1690 2746 1816 2818 sanguine

530 2834 558 2880 et
585 2825 688 2887 nervis,
712 2826 802 2881 omnia
824 2825 911 2881 hiulca
933 2834 960 2881 et
982 2826 1149 2899 interrupta,
1172 2827 1261 2882 omnia
1283 2835 1423 2888 cxuccata,
1446 2828 1533 2882 ieiuna
1551 2836 1579 2882 ct
1599 2827 1718 2900 frigida,¹
1731 2830 1815 2884 omnia

530 2908 599 2965 male
628 2910 804 2972 cohaerentia,
834 2909 909 2981 qnasi
939 2927 971 2964 er
998 2927 1078 2965 arena
1103 2911 1164 2984 quis
1191 2919 1280 2966 nectat
1309 2910 1472 2966 funiculum:
1502 2911 1560 2966 ltaec
1588 2911 1667 2983 signa
1694 2922 1759 2968 sunt
1784 2912 1843 2983 (siaa

460 3004 519 3054 §.aa
531 2993 651 3066 ignoras)
670 3002 697 3049 ct
717 3001 789 3048 notat
811 2994 892 3048 animi
916 2994 967 3048 sibi
989 2994 1058 3050 male
1080 2995 1248 3050 conscicntii.
1293 2994 1348 3050 lloc
1370 2994 1458 3051 solutu
1479 3012 1547 3067 ergo
1562 2995 1610 3050 diu
1628 2995 1744 3051 diceudo
1762 2997 1814 3052 elli·

529 3078 582 3139 eis,
612 3087 641 3134 ut
667 3077 782 3135 lectores
808 3078 865 3133 sani
897 3085 922 3133 tc
944 3078 1011 3134 nibil
1032 3079 1131 3134 dixisse
1151 3077 1304 3151 intelligant
1323 3087 1352 3134 ct
1373 3079 1545 3152 suspicentur
1564 3096 1596 3134 ex
1619 3080 1680 3153 ipso
1706 3089 1754 3136 tuo
1773 3099 1814 3154 pa·

529 3180 607 3224 vore,
628 3163 701 3235 quod
724 3163 823 3219 ventris
848 3170 875 3217 et
897 3163 1018 3235 pecuniae
1042 3163 1133 3218 studio
1155 3179 1188 3218 co
1211 3162 1316 3218 servilis
1336 3163 1499 3234 gnatonismi
1525 3164 1658 3235 teipsum
1678 3163 1812 3221 abieceris.

460 3255 518 3307 ιιι,
529 3246 605 3314 Quod
628 3248 651 3302 si
673 3264 765 3303 verum
787 3254 844 3309 est,
868 3247 947 3302 doleo
970 3247 1051 3302 vicem
1075 3256 1147 3302 tuam
1166 3264 1197 3302 er
1220 3247 1323 3308 animo,
1347 3254 1375 3302 ct
1393 3248 1503 3302 miseret
1524 3264 1568 3303 me
1583 3248 1673 3309 Croti,
1698 3256 1724 3304 te
1747 3248 1813 3305 scili·

525 3338 569 3388 cet
589 3331 635 3386 tali
657 3340 737 3388 aetate
760 3339 788 3387 ct
810 3331 909 3387 canitie
930 3332 969 3387 sic
988 3339 1162 3387 contemnere
1183 3329 1230 3385 illa
1252 3331 1353 3391 studia,
1377 3349 1437 3405 quan
1461 3349 1568 3405 semper
1590 3333 1705 3395 amasti,
1730 3341 1756 3388 te
1777 3333 1854 3407 sicto¹

526 3415 593 3471 nihil
616 3416 817 3473 dissimulanter
839 3423 1013 3472 contemnere
1035 3415 1177 3489 pietatem.
1208 3424 1233 3470 te
1254 3416 1293 3471 sic
1313 3415 1396 3471 semel
1425 3416 1552 3471 ell'udisse
1583 3416 1673 3472 omnia
1700 3418 1812 3473 remedia

525 3501 636 3556 sanandi
659 3501 799 3574 tuiipsius;
822 3501 867 3556 scd
892 3500 992 3555 amicus
1012 3499 1098 3555 adlruc
1117 3500 1200 3554 amice
1221 3500 1357 3561 tilridrenc
1376 3517 1487 3574 precor,
1511 3507 1541 3555 ut
1560 3500 1593 3556 ad
1616 3508 1642 3555 te
1664 3502 1767 3565 redeas,
1788 3508 1812 3556 et

526 3594 621 3641 contra
642 3585 834 3641 conscientiam
858 3594 930 3638 tuam
950 3583 1057 3642 desinas
1078 3572 1233 3657 papislizin.

457 3674 515 3723 §.aa
611 3669 669 3724 Non
691 3670 751 3725 ideo
772 3668 926 3743 displicebis
943 3667 1175 3723 llevcremlissimo
1197 3668 1343 3730 Cardinali,
1365 3668 1387 3722 si
1409 3668 1522 3724 candido
1544 3676 1572 3724 et
1592 3678 1689 3742 aperto
1705 3678 1811 3744 pectore

524 3754 665 3809 veritatem
687 3754 826 3813 docueris,
858 3755 881 3807 si
909 3752 994 3808 libere
1016 3761 1043 3807 et
1068 3752 1183 3825 ingenue
1206 3752 1356 3826 Principem
1380 3748 1609 3825 sapientissimum
1631 3761 1661 3809 ct
1682 3754 1749 3810 viam
1772 3770 1838 3812 tre-³5

524 3837 613 3893 nitatis
633 3846 796 3911 quaercntcm
818 3838 850 3893 de
867 3838 908 3892 lus
924 3836 1062 3893 monueris
1078 3853 1193 3917 syncera
1212 3837 1316 3899 animo,
1334 3854 1393 3910 quae
1408 3854 1471 3894 vere
1487 3837 1622 3910 Episcopo
1638 3838 1721 3911 digna
1737 3846 1808 3894 suut:

526 3952 725 3960 ——-—<

590 4015 600 4047 ¹
620 4018 728 4065 faceres
749 4020 804 4084 ¹1²·
863 4015 952 4081 Crusi]
973 4017 1015 4066 cf.
1030 4018 1146 4068 Lutheri
1165 4019 1240 4082 prmf.
1256 4019 1290 4067 od
1303 4017 1392 4067 Alexii
1411 4018 1537 4067 Crosueri
1557 4033 1666 4068 sermm.
1687 4019 1724 4080 (ιι.
1740 4016 1808 4068 1531.

524 4100 565 4148 ed.
580 4100 654 4148 Hnll.
668 4100 791 4150 Wnlchii
804 4106 867 4149 tom.
882 4100 954 4149 XIV.
968 4117 993 4165 p.
1008 4100 1079 4163 287.)
1100 4101 1156 4163 „Ob
1169 4103 1232 4151 aber
1244 4104 1353 4164 jemand
1363 4102 1417 4151 siclt
1429 4103 1591 4151 itberdrducn
1603 4104 1679 4152 (iesse
1697 4104 1750 4152 und
1764 4105 1808 4152 rei-

523 4200 577 4232 ncm
599 4183 771 4248 leuselslrops,
792 4186 817 4234 d.
831 4186 945 4245 iasciner
969 4188 1096 4235 incendere
1116 4185 1245 4249 Obripltet't
1267 4203 1297 4235 zu
1321 4187 1414 4235 thteu
1437 4187 1537 4244 wdrde,
1561 4187 1610 4235 der
1631 4187 1692 4240 selue
1715 4202 1746 4236 zu
1763 4185 1810 4234 uad

521 4268 651 4317 antestet
669 4270 783 4319 dennocle
800 4285 845 4318 eor
863 4272 910 4317 der·
924 4269 1040 4331 sutacbcn
1058 4271 1128 4318 Ileerc
1146 4272 1199 4319 rand
1209 4270 1293 4318 Basse
1306 4251 1357 4318 Dm
1368 4270 1497 4318 Krmuen.
1534 4270 1608 4318 Denta
1626 4272 1669 4320 die
1687 4275 1738 4321 ma'll
1756 4272 1809 4321 Gott

482 4368 489 4381 ·
521 4353 588 4400 ›ilclit
605 4353 712 4401 boben.'’
747 4354 910 4403 Demisere
928 4353 1009 4403 huius
1022 4343 1188 4416 αὐτόχειρος
1201 4352 1291 4402 Crusii
1305 4352 1433 4415 (Kranae)
1447 4358 1532 4401 morte
1546 4354 1584 4402 cs.
1598 4355 1684 4405 etiam
1697 4354 1809 4404 Lutlteri

522 4453 583 4501 epp.
599 4453 632 4485 ex
651 4436 693 4486 ed.
708 4436 741 4486 dc
754 4439 849 4487 Wctte
867 4438 917 4487 111.
937 4453 963 4485 n.
976 4435 1035 4486 9⁶27.
1048 4436 1109 4486 975.
1125 4436 1170 4485 lV.
1189 4453 1215 4484 n.
1232 4435 1305 4486 1361.
1331 4435 1534 4486 Seckeudorffii
1552 4436 1807 4487 hist.Luther.111.

520 4526 589 4570 sect.
603 4519 627 4570 3.
641 4524 664 4580 ἓ.
678 4522 725 4582 VI,
739 4522 763 4570 2.
835 4521 856 4554 ¹⁰
873 4522 973 4583 stylum
992 4525 1018 4570 2.
1027 4524 1053 4570 3.
1123 4518 1145 4552 ²⁰
1163 4521 1224 4569 Hoc
1243 4521 1301 4570 fero
1325 4521 1446 4569 iusserat
1462 4520 1584 4569 Meuium
1608 4521 1755 4570 Lutherue.
1775 4520 1807 4569 ci.

520 4621 602 4669 supro
620 4621 647 4668 p.
660 4605 709 4653 457
728 4621 754 4654 v.
773 4604 815 4655 30.
869 4604 959 4669 quem]
980 4623 1058 4671 quem
1072 4607 1130 4653 1.2.
1184 4602 1206 4635 ²²
1225 4602 1306 4669 enirn]
1327 4605 1411 4653 etium
1429 4606 1490 4652 2.3.
1543 4602 1565 4633 ²³
1583 4605 1763 4654 Proverbium
1782 4595 1807 4663 ἐξ

518 4680 615 4755 ἄμμου
633 4687 761 4753 σχοινίον
779 4683 904 4746 πλέκεις,
928 4681 975 4738 tut
993 4688 1049 4739 τῶν
1066 4678 1227 4739 αδοιοὶτιον.
1239 4685 1298 4752 'lllx
1317 4703 1403 4737 arena
1421 4687 1574 4738 funiculum
1593 4690 1697 4737 nectis:
1721 4688 1754 4737 de
1773 4689 1809 4736 iu·

519 4771 718 4839 possibilibus]
739 4774 851 4837 Gregor.
867 4774 948 4838 Cypr.
963 4775 1013 4823 111.
1027 4775 1068 4822 lb.
1127 4772 1150 4803 ²⁶
1168 4770 1577 4836 conicientij.1.conscii.2.3.
1642 4771 1666 4804 ³⁰
1685 4771 1735 4821 tali
1754 4768 1806 4834 cet]

519 4857 619 4906 Crotus
638 4864 695 4905 tum
708 4859 945 4922 quinquagenario
958 4857 1051 4922 paullo
1066 4858 1153 4905 maior
1167 4856 1229 4904 fuit.
1265 4855 1288 4887 ³³
1300 4854 1376 4922 pap]
1397 4856 1503 4928 Graecia
1514 4856 1619 4906 litteris
1633 4854 1808 4916 ποιπιστίζειι

518 4941 694 4990 scribendum
718 4949 766 4991 aut
786 4946 923 5006 pupiaenre
943 4944 1001 4992 sive
1016 4944 1177 5006 papistizare
1196 4941 1341 4991 dicendum
1361 4947 1430 4990 erut.
1483 4939 1506 4972 ³⁶
1524 4940 1693 5005 querendum
1713 4943 1737 4987 1.
1756 4939 1806 4987 sin-

519 5040 582 5073 cero
596 5027 657 5073 2.3.
