4367 6084
552 718 626 789 276
729 732 928 784 CCCXXXIII.
949 748 1069 784 snorum
1082 749 1186 784 nussim
1200 751 1343 785 sussum
1356 750 1530 786 ssennmnss
1544 751 1677 787 nussum.

552 906 617 963 Non
641 906 786 978 deprecor
808 907 879 977 auin
900 905 1075 977 proferant,
1097 906 1183 963 modo
1201 906 1365 979 proferant
1383 922 1498 965 omnes:
1522 908 1584 965 illie
1606 910 1779 966 convincent
1800 925 1839 966 me

481 1018 540 1066 §.rs
551 1021 703 1079 nunqnam
722 1005 907 1077 foederatum
925 1005 1022 1078 fuisse
1040 1007 1230 1065 Lutberanis.
1275 1007 1354 1065 blibi
1372 1009 1402 1063 in
1419 1007 1597 1066 Hocbstruto
1613 1012 1673 1067 iarn
1695 1011 1763 1066 olim
1781 1009 1838 1066 dis-

544 1109 652 1181 plicuit
674 1109 791 1164 animus
812 1108 862 1164 ille
880 1106 988 1179 seran,
1026 1107 1164 1179 infensus
1186 1108 1267 1165 bonis
1292 1111 1386 1166 literis
1413 1116 1442 1167 et
1465 1111 1651 1167 concitandis
1678 1111 1839 1168 tumultibus

497 1250 500 1256 -
547 1216 649 1278 nutus,
669 1210 777 1279 plorire
793 1209 893 1265 sitiens
909 1224 949 1266 ee
969 1210 1095 1266 aliarum
1117 1211 1206 1267 malis
1225 1211 1371 1276 collectim
1392 1226 1453 1287 nec
1464 1211 1627 1269 amicitiam
1641 1207 1769 1270 bominis
1786 1228 1837 1269 un·

547 1324 636 1382 auam
659 1308 762 1378 ambil,
799 1325 853 1367 nec
875 1310 1050 1367 simultatem
1072 1326 1139 1367 cnm
1167 1312 1218 1368 illo
1241 1312 1320 1367 uolui
1339 1326 1495 1381 exercere,
1529 1311 1663 1369 uidelicet
1691 1315 1856 1370 consulens⁵

479 1413 609 1468 §.noeto
629 1410 793 1467 studiorum
813 1424 952 1467 meorum,
1000 1409 1078 1479 Quid
1098 1417 1195 1469 antem
1218 1411 1408 1469 inbumanius
1425 1427 1514 1485 anam
1533 1413 1583 1469 bic
1600 1429 1757 1471 recensere
1774 1413 1840 1486 quid

547 1512 692 1583 effutitum
708 1513 746 1567 sil
760 1513 789 1568 in
807 1511 906 1568 liberis
920 1512 1182 1584 compotationibus
1195 1519 1249 1569 ant
1261 1511 1550 1583 confabulationibus
1565 1515 1739 1583 amicornm,
1760 1515 1839 1570 errius

548 1631 602 1672 nee
625 1614 756 1670 meminit
774 1613 799 1668 is
821 1613 873 1684 qui
893 1613 985 1682 dixit,
1008 1629 1063 1670 nec
1084 1613 1117 1670 bi
1137 1616 1189 1683 aui
1208 1610 1367 1685 referunt?
1386 1628 1486 1671 ererum
1506 1614 1558 1670 nbi
1570 1631 1619 1671 res
1639 1615 1743 1685 upilur
1757 1615 1839 1682 serio,

478 1724 607 1775 §.sutum
630 1719 760 1789 apparet
780 1713 854 1785 auid
871 1713 981 1771 babeas
1002 1716 1104 1771 animi.
1150 1716 1339 1787 Scripseram
1358 1714 1537 1783 Ecbolima,
1559 1718 1648 1773 etiam
1666 1722 1741 1773 ante,
1754 1730 1838 1787 quam

492 1809 496 1811 ⁸
546 1818 689 1884 uiderem,
714 1821 747 1872 ut
768 1816 800 1871 in
820 1813 1032 1873 Hocbstratum
1050 1822 1085 1872 et
1112 1816 1192 1872 illius
1210 1817 1328 1874 sodales
1350 1815 1533 1874 moderatius
1554 1817 1756 1886 inveberetur,
1785 1831 1869 1874 nonu

545 1918 625 1990 quod
645 1916 718 1974 bene
739 1917 839 1973 vetlem
860 1916 1053 1986 Hocbstrato,
1079 1917 1134 1974 sed
1153 1918 1234 1989 quad
1250 1917 1423 1975 Rencblino.
1463 1917 1498 1974 Si
1512 1918 1647 1991 Caprrian
1667 1920 1769 1976 omnia
1783 1908 1840 1973 'sua

544 2021 646 2077 solitus
664 2023 709 2076 est
728 2015 887 2088 effundere
909 2019 939 2074 in
961 2019 1057 2076 sinum
1070 2018 1218 2088 ,Hutteni‚
1253 2036 1310 2077 non
1341 2019 1440 2077 dubita
1469 2021 1539 2094 quin
1568 2025 1597 2076 et
1623 2019 1680 2077 bus
1704 2020 1841 2092 epistolas

476 2124 495 2174 §-
503 2124 535 2167 82·
546 2120 715 2178 ostenderit.
763 2119 856 2188 Ortum
879 2119 979 2177 Comes
999 2136 1018 2175 n
1037 2134 1113 2177 nara
1136 2120 1245 2191 Aquita
1267 2137 1313 2177 me
1332 2122 1425 2178 literis
1450 2121 1629 2189 consuleret,
1658 2136 1699 2177 an
1726 2120 1842 2176 deberet

543 2224 719 2280 sinmltutem
740 2222 888 2278 remittere
910 2219 1088 2278 llacbstrato
1109 2221 1164 2278 boc
1183 2228 1243 2279 tum
1257 2223 1407 2295 promisso
1420 2220 1577 2293 palinodia
1595 2222 1751 2287 ambienti,
1774 2221 1842 2278 dedi

491 2376 493 2383 Α
544 2326 697 2382 eonsilium
726 2330 758 2380 ut
784 2323 883 2380 animo
905 2321 1075 2380 Cleristiuno
1103 2325 1262 2380 remitteret
1286 2325 1438 2381 iniurium.
1484 2323 1578 2394 Atque
1606 2325 1644 2394 is,
1678 2337 1769 2395 quum
1796 2335 1869 2378 mers

544 2426 770 2483 virulentissime
792 2425 949 2497 impetisset
966 2423 1057 2492 Lens,
1080 2439 1174 2481 meum
1197 2424 1271 2482 mibi
1287 2426 1440 2482 consitium
1463 2425 1597 2496 inpessil,
1626 2424 1789 2481 admonens
1811 2430 1841 2478 m

435 2594 438 2601 .
544 2527 624 2600 quad
643 2527 706 2600 ipse
725 2541 788 2582 meo
812 2541 904 2583 suasu
923 2522 1045 2594 fecisset
1068 2527 1098 2581 in
1121 2525 1316 2595 Hacbstrulo,
1343 2542 1423 2582 rinae
1449 2524 1585 2597 [nomem
1613 2526 1643 2582 in
1665 2524 1735 2583 Leo.
1776 2525 1839 2581 brec

476 2632 533 2680 §.sn
545 2629 673 2702 epistolis
695 2625 798 2684 doceri
815 2634 947 2699 possunt.
995 2626 1088 2695 (botran
1112 2625 1260 2684 ancbius
1279 2632 1354 2683 esset
1374 2627 1521 2685 (editurus
1541 2641 1630 2699 opus,
1657 2627 1709 2683 cui
1727 2626 1838 2682 titutum

545 2731 630 2787 uertit
651 2728 783 2784 ‘Vallum
802 2726 1012 2796 bumanitatis',
1035 2728 1179 2785 admonui
1194 2728 1352 2798 leunsinem,
1381 2729 1589 2786 moderaretur
1608 2729 1670 2785 stili
1688 2725 1838 2783 acerbita-

542 2837 608 2888 tem.
652 2829 822 2886 moderatus
842 2835 887 2885 est
907 2836 935 2885 et
955 2829 1031 2887 liber
1051 2831 1161 2901 lepitnr
1186 2831 1263 2887 citra
1291 2812 1437 2899 offensam
1462 2845 1483 2886 a
1510 2829 1612 2886 doctis.
1662 2827 1748 2885 Talia
1771 2832 1869 2897 suntsi

542 2946 609 2988 rnea
628 2932 753 2989 consiliu
776 2944 866 3002 quum
880 2946 935 3008 ,res
957 2932 1058 3002 upitur·
1079 2932 1174 2998 serim·
1201 2947 1353 3003 nitriquam
1379 2947 1437 2988 non
1465 2932 1599 2988 bortatus
1624 2945 1688 2987 sum
1710 2928 1755 2986 ad
1774 2944 1837 2985 mo-

543 3033 706 3091 deratiora.
746 3034 776 3089 in
797 3033 937 3090 conuiuiis
956 3038 1010 3090 erret
1029 3031 1320 3103 confabulationibus
1341 3035 1504 3090 amicorum
1527 3047 1624 3104 nupor
1645 3031 1789 3103 quicquid
1808 3032 1837 3086 in

543 3133 666 3217 lruecam
683 3135 773 3202 uertit,
789 3149 869 3206 slepe
884 3134 1005 3192 liberius
1022 3150 1113 3207 arrum
1127 3134 1265 3206 urpedit:
1282 3140 1318 3191 ‘el
1331 3134 1387 3193 boc
1400 3134 1475 3192 mibi
1486 3135 1584 3191 vitium
1599 3141 1643 3191 est
1656 3129 1837 3200 maximnm,

474 3242 577 3294 §.snut
597 3239 641 3294 uit
665 3234 858 3295 Terentianus
885 3238 935 3293 illc
954 3236 1112 3293 Parmeno.
1158 3234 1229 3304 (tuis
1257 3244 1355 3292 autem
1383 3252 1442 3294 nan
1469 3237 1617 3294 existimet
1642 3250 1683 3292 eo
1710 3235 1837 3292 omniurn

542 3339 690 3397 bantinum
711 3339 856 3396 consortio
880 3337 1114 3399 deturboruiam,
1146 3341 1173 3395 si
1198 3354 1253 3408 epo
1279 3353 1358 3395 resine
1385 3337 1472 3396 rebus
1492 3338 1675 3395 exulceratis
1695 3333 1884 3408 proferren-

542 3442 626 3498 aetim
650 3454 718 3511 quoe
740 3440 831 3496 amici
844 3439 952 3496 liberis
973 3441 1102 3512 epistolis
1124 3440 1168 3497 ad
1191 3456 1236 3518 me
1261 3441 1505 3513 perscripserunt
1526 3447 1578 3496 out
1599 3454 1665 3496 meu
1683 3437 1747 3507 tide
1765 3434 1840 3506 freti

542 3542 628 3616 apud
641 3557 686 3598 mc
705 3539 891 3611 effutierant,
913 3542 1002 3599 etiam
1022 3545 1049 3599 si
1067 3557 1108 3599 cn
1125 3542 1229 3598 amicis
1243 3541 1324 3611 sacti
1336 3547 1432 3599 essent
1449 3536 1582 3598 inimici?
1605 3541 1676 3596 Cum
1691 3531 1854 3595 Hutterius-

543 3620 624 3701 nobis
645 3649 788 3701 narraret
809 3658 840 3699 se
861 3642 1005 3700 indixisse
1026 3642 1133 3701 bellum
1147 3641 1392 3711 Romanensibus,
1413 3642 1555 3713 ropabam
1569 3642 1677 3699 ludens
1695 3639 1770 3712 quid
1779 3637 1847 3722 suff

474 3751 622 3803 §.ureret
639 3744 898 3818 praedicatoribus.
930 3745 1084 3818 respondit
1107 3743 1261 3813 (irridens,
1283 3750 1312 3801 et
1333 3745 1397 3802 illos
1421 3742 1492 3814 sore
1509 3742 1720 3800 nonanoeane.
1762 3740 1836 3797 Dein

542 3849 572 3904 in
590 3847 728 3903 corruioiis
749 3845 873 3902 subinde
896 3845 1054 3916 ropabam,
1076 3845 1197 3918 quando
1217 3845 1363 3918 penderet
1374 3844 1579 3903 llacbstratus.
1613 3843 1770 3915 respondit
1783 3841 1880 3898 baeu»

541 3965 572 4005 se
593 3946 673 4003 breui
694 3953 878 4004 curaturum.
924 3947 985 4005 Sed
1004 3949 1070 4005 bac
1092 3947 1266 4005 dicebantur
1288 3947 1333 4005 bis
1354 3947 1491 4015 uultibus,
1514 3954 1649 4002 utrumn
1671 3960 1729 4002 reon
1749 3945 1836 4000 intel-

473 4050 647 4118 §.selueru
668 4057 823 4118 utrumque
843 4054 976 4106 nostrum
1005 4051 1108 4108 iocari.
1151 4049 1220 4107 Iam
1249 4064 1318 4106 aero
1345 4064 1484 4121 quorsum
1511 4029 1613 4104 attinet
1635 4061 1835 4117 exsuperare,

540 4165 586 4206 me
607 4148 676 4205 dam
698 4154 785 4221 capto
807 4150 895 4206 unius
914 4151 1061 4221 pralium,
1091 4152 1186 4224 ipsum
1209 4152 1239 4206 in
1260 4151 1388 4207 omnium
1418 4149 1516 4206 odium
1543 4143 1746 4221 pertrabere?
1775 4147 1835 4202 Ar-

540 4252 632 4309 bitror
653 4265 693 4307 en
714 4251 785 4307 necis
807 4241 925 4323 scriptis
947 4253 1064 4326 aliquid
1084 4252 1199 4310 borresti
1219 4253 1346 4310 nominis
1370 4267 1407 4309 uc
1428 4251 1547 4321 lavaris
1574 4252 1734 4308 accessisse
1755 4248 1834 4305 llut-

541 4360 620 4423 leno,
652 4352 715 4410 odii
739 4369 776 4410 ne
797 4356 904 4412 micam
933 4355 1058 4427 quidem.
1106 4355 1151 4411 An
1183 4356 1250 4412 ideo
1280 4355 1357 4411 versit
1385 4354 1415 4409 in
1446 4353 1545 4410 odium
1577 4352 1725 4419 omnium,
1757 4349 1835 4423 quad
1843 4363 1888 4400 ιι)

473 4466 531 4515 §.sn
541 4457 721 4515 meminerim
744 4460 872 4527 anrtuor
893 4452 1108 4528 epistolarum?
1139 4462 1242 4512 aleos
1263 4457 1323 4513 iam
1348 4455 1527 4525 eunlpuraul
1548 4454 1614 4526 ipsi.
1661 4452 1723 4510 Sed
1739 4454 1835 4523 pnput

541 4574 587 4615 me
605 4560 674 4630 plus
698 4572 787 4629 quarn
805 4557 904 4614 bostili
921 4558 1020 4613 arsiam
1039 4555 1136 4626 fuisse
1161 4559 1191 4614 in
1210 4556 1434 4624 Hacbstratum‚
1467 4564 1497 4611 et
1512 4558 1616 4626 stupa!
1639 4560 1745 4627 postea
1769 4568 1833 4612 cum

540 4662 591 4717 illo
613 4659 726 4716 redisse
747 4659 777 4715 in
797 4659 945 4730 pralium,
969 4659 1042 4729 qrrid
1063 4657 1119 4714 boc
1141 4658 1184 4714 ad
1204 4653 1387 4715 Hultenum?
1420 4659 1465 4713 An
1486 4670 1541 4728 epo
1565 4655 1748 4726 lutefredus
1769 4670 1832 4713 cum

539 4760 666 4817 Hutteno
690 4775 818 4832 unquam
839 4761 905 4829 inii,
929 4762 1018 4831 quale
1038 4762 1132 4817 solent
1152 4775 1252 4831 repes,
1275 4776 1312 4817 ne
1333 4774 1399 4817 eum
1420 4774 1566 4831 quaquam
1587 4759 1740 4829 inreperem
1755 4757 1833 4814 umi-

574 4961 580 4992 ¹
596 4958 699 5024 omnes]
714 4960 829 5008 Scilicet
843 4959 932 5007 altera
945 4960 1063 5009 alteram
1074 4961 1226 5022 refelleret,
1241 4967 1271 5009 ut
1282 4961 1340 5009 iero
1351 4960 1596 5009 solebnbblrnsums
1606 4958 1698 5008 altera
1708 4960 1829 5015 scobere,

541 5046 629 5094 ultera
644 5045 736 5093 ferire.
774 5043 793 5074 '⁹
809 5042 880 5092 Vall.
889 5041 925 5106 lu]
941 5060 966 5092 n.
976 5044 1049 5092 1518.
1058 5046 1170 5095 sibilum.
1212 5043 1234 5075 ²³
1245 5048 1282 5095 ut
1294 5045 1362 5094 illud
1375 5045 1441 5094 mihi
1454 5042 1513 5109 ete]
1528 5045 1674 5093 Terent.H
1678 5060 1719 5094 ec.
1729 5046 1750 5094 1.
1758 5045 1782 5106 2,
1791 5042 1828 5093 35.
