4367 6084
355 742 499 794 cchxt.
510 759 613 795 urrann
625 760 661 795 uo
672 760 707 795 or
719 761 752 795 tn
764 759 855 802 noerae
865 760 908 795 er.
923 744 1240 796 CCCLXII.rrnnsu1nn
1250 752 1557 795 nocumentnernntt.
1578 728 1652 800 403

354 919 411 974 sint
434 919 536 979 minus,
556 917 629 974 nulla
650 918 748 974 iniuria
772 919 872 974 irritati
895 919 946 973 nisi
971 919 1043 992 quod
1065 918 1143 974 libris
1159 919 1239 974 editis
1256 925 1371 973 testatus
1387 919 1512 980 fuissem,
1537 919 1561 974 id
1579 920 1651 993 quod

354 1020 399 1059 res
422 1011 495 1064 erat,
519 1021 561 1059 me
586 1002 702 1059 alienum
725 1021 785 1058 esse
808 1021 823 1058 a
847 1004 964 1059 factione
986 1004 1154 1059 butlrerana:
1183 1004 1208 1059 id
1231 1008 1269 1057 ‘cn
1292 1003 1341 1058 leci
1365 1004 1438 1076 qnod
1460 1005 1568 1076 quidam
1590 1022 1650 1060 meo

353 1089 464 1143 nomine
487 1087 666 1143 abuterentur
686 1088 757 1161 apud
780 1089 904 1161 ignaros,
930 1105 1012 1161 (quum
1036 1106 1090 1143 non
1114 1088 1271 1161 ignorarent
1291 1104 1346 1142 rem
1367 1104 1445 1143 secus
1464 1088 1573 1144 babere.
1604 1090 1650 1144 sed

353 1173 491 1227 continuit
513 1172 576 1228 illos
599 1172 749 1228 reverentia
773 1173 894 1246 ‹qrraednm
918 1173 1050 1235 bominis,
1081 1172 1154 1245 quod
1178 1172 1242 1246 ipsi,
1273 1172 1444 1244 quantumvis
1469 1173 1567 1245 iniqui,
1598 1191 1651 1229 nou

331 1263 471 1329 enegaot,
495 1257 529 1312 de
552 1257 650 1312 studiis
673 1256 788 1331 publicis
812 1266 954 1331 tantopere
976 1258 1080 1312 meriti:
1106 1257 1211 1311 tandem
1237 1257 1372 1312 llnttenus
1395 1257 1447 1312 lmc
1469 1257 1583 1330 appulit,
1606 1259 1651 1330 qui

354 1341 502 1413 instigatus
530 1341 564 1396 ab
592 1342 694 1396 insanis
720 1341 825 1414 aliquot
852 1343 962 1397 strinxit
987 1343 1014 1396 in
1043 1360 1085 1397 mc
1112 1358 1268 1397 mucronem
1297 1340 1391 1396 columi
1415 1342 1470 1403 sui,
1500 1359 1651 1414 congerens

354 1425 483 1500 quiequid
509 1427 653 1482 criminum
682 1433 791 1499 poterat
820 1427 845 1481 in
874 1444 1036 1500 quemqnam
1059 1426 1192 1498 confingi:
1224 1426 1287 1481 bnic
1310 1426 1500 1499 respondimus
1523 1427 1650 1499 Spongia.

354 1508 400 1564 ille
426 1511 525 1582 peri'it;
555 1518 619 1584 post
644 1510 715 1566 bunc
744 1519 856 1566 exortus
880 1519 923 1566 est
950 1511 1019 1566 alius
1049 1510 1097 1565 illo
1121 1519 1177 1565 tum
1201 1510 1338 1566 indoctior
1356 1518 1413 1564 tum
1437 1510 1585 1572 ramosior,
1608 1512 1650 1566 cui

354 1595 477 1649 nondum
497 1594 703 1668 respondimus:
728 1603 755 1650 et
777 1595 932 1651 consultius
954 1595 1074 1651 arbitror
1089 1595 1243 1667 negligere,
1268 1594 1483 1668 quandoquidem
1500 1595 1580 1650 audio
1596 1612 1651 1650 nnn

323 1688 347 1726 1⁰
356 1696 459 1752 paucos
480 1678 548 1735 alios
568 1680 703 1736 accinctos
725 1680 758 1734 nd
781 1680 934 1735 huiusmodi
957 1680 1082 1753 vipereos
1106 1678 1213 1735 libellos
1237 1680 1263 1733 in
1286 1697 1328 1734 me
1352 1679 1497 1735 iaciendos.
1538 1679 1578 1733 nb
1600 1681 1652 1735 boc

354 1780 443 1834 genus
465 1763 634 1836 intemperiis
656 1781 705 1820 nec
725 1764 816 1820 Caesar
838 1782 887 1820 nec
906 1765 1030 1838 pontifex
1047 1771 1140 1837 potest
1163 1781 1204 1819 me
1226 1764 1310 1818 tueri:
1341 1781 1390 1819 uec
1418 1764 1489 1819 enim
1520 1765 1564 1819 isti
1585 1766 1651 1819 deos

352 1856 484 1903 verentur
505 1866 553 1904 nec
578 1849 710 1904 homines.
755 1849 833 1904 Tales
861 1849 1241 1923 propugnatores‚quosdam
1270 1847 1350 1903 babet
1378 1849 1429 1903 boc
1453 1866 1550 1904 novum
1574 1867 1652 1904 evnn·

354 1930 472 2002 galium,
503 1940 555 1988 tam
578 1932 679 1989 stultos
700 1943 727 1988 et
750 1934 874 1994 insanos,
904 1943 934 1988 ut
954 1934 1012 2008 ipse
1032 1933 1169 1988 butlrerus
1198 1941 1225 1988 et
1245 1932 1434 1987 llclancbtbon
1462 1942 1597 2006 cogantur
1625 1934 1651 1989 in

354 2033 403 2070 eos
422 2016 551 2072 scribere.
596 2034 748 2091 quurmuam
776 2018 822 2073 isti
850 2036 900 2074 nec
924 2037 990 2074 suos
1019 2019 1165 2091 episcopos
1189 2025 1349 2072 reverentur
1370 2025 1397 2072 et
1419 2026 1530 2073 nostros
1553 2019 1650 2074 mirum

319 2112 435 2172 mquam
458 2102 665 2175 adspernantur.
708 2103 750 2158 bic
774 2101 865 2158 nullus
888 2111 930 2158 est
951 2113 1004 2158 tam
1025 2102 1085 2157 silis
1105 2108 1152 2156 aut
1173 2102 1299 2157 sordidus
1329 2102 1393 2174 quin
1420 2102 1517 2157 audeat
1539 2103 1653 2158 licenter

352 2185 470 2240 convitia
496 2186 582 2242 iacere
613 2186 639 2241 in
666 2188 798 2260 optimum
825 2204 973 2260 quemque,
1006 2204 1095 2260 neque
1125 2187 1208 2258 pudet
1234 2187 1378 2259 quiequam
1409 2203 1497 2260 neque
1526 2195 1651 2243 metuunt

354 2286 516 2342 quenquam.
560 2271 613 2327 lam
636 2280 742 2345 tempus
766 2281 824 2326 erat
847 2280 877 2327 ut
898 2272 996 2327 studiis
1019 2271 1086 2326 mcis
1119 2272 1239 2333 fruerer,
1270 2279 1298 2325 et
1321 2271 1347 2325 iu
1370 2270 1418 2326 bns
1442 2271 1535 2327 turbas
1559 2272 1652 2328 incidit

353 2370 412 2408 mea
435 2362 576 2416 senectus.
609 2373 670 2429 quae
695 2374 778 2429 quum
802 2365 903 2429 praeter
925 2356 1006 2412 solitu
1027 2373 1122 2411 senum
1146 2355 1314 2411 incommoda
1335 2355 1522 2411 crudelissime
1542 2366 1653 2412 vexetur

355 2437 474 2499 calculo,
500 2447 587 2494 tumen
610 2440 668 2496 brec
690 2442 726 2496 sit
748 2441 856 2496 minima
880 2440 1012 2496 malorum
1033 2440 1141 2514 portio:
1171 2457 1221 2495 nec
1245 2440 1352 2495 interim
1375 2439 1438 2495 lieet
1461 2442 1556 2513 lugere
1573 2484 1579 2495 .
1597 2484 1602 2494 .
1621 2484 1626 2495 .
1645 2484 1671 2506 ·.

317 2534 345 2572 Ἄ·
358 2565 577 2578 ..........
595 2525 623 2578 ln
641 2525 693 2581 boc
712 2519 833 2581 seculum
854 2543 910 2580 mea
934 2533 1060 2580 senectus
1082 2523 1165 2580 veluti
1184 2542 1244 2579 mus
1267 2524 1339 2597 quod
1362 2524 1438 2579 aiunt
1461 2525 1487 2580 iu
1508 2525 1595 2599 picem
1612 2527 1652 2580 in·

353 2608 427 2661 cidit.
471 2609 580 2663 lnterim
603 2610 780 2683 antiquantur
800 2609 878 2665 lionae
901 2609 1066 2683 disciplinae.
1089 2608 1268 2681 negliguntur
1285 2609 1363 2665 bonae
1379 2608 1474 2664 literae.
1519 2627 1561 2665 me
1576 2619 1652 2666 certe

354 2692 466 2747 satietas
489 2692 570 2747 babet
592 2695 712 2750 omnium
733 2694 898 2756 studiorum.
927 2703 1071 2768 postquam
1097 2694 1174 2749 viden
1194 2702 1292 2749 tantam
1319 2694 1458 2749 bominum
1479 2694 1653 2767 ingratitudi-

353 2793 432 2836 nem.
456 2784 486 2832 ut
508 2778 602 2851 quiex
626 2779 692 2833 meis
716 2777 793 2833 libris
815 2779 968 2835 didicerunt
997 2778 1132 2833 sermonis
1153 2779 1273 2851 copiam,
1301 2779 1424 2833 certatim
1450 2779 1477 2834 in
1505 2797 1547 2834 me
1570 2780 1653 2834 strin-

353 2869 421 2932 gant
442 2861 584 2917 calamum.
627 2863 688 2918 boc
711 2863 795 2918 risum
817 2871 859 2919 est
882 2866 909 2918 in
930 2863 1007 2918 amici
1030 2864 1119 2919 sinum
1142 2863 1295 2918 ellnndere:
1324 2862 1392 2918 nibil
1420 2863 1507 2919 babeo
1536 2882 1591 2937 qno
1611 2882 1652 2920 me

316 2955 344 2994 ²⁵
353 2945 482 3002 consoler
500 2955 601 3019 praeter
624 2946 722 3003 bonam
744 2965 809 3020 erga
831 2948 967 3003 Christum
991 2948 1199 3008 conuenientium.
1222 2949 1300 3003 cuius
1322 2947 1418 3018 gloria.
1439 2955 1498 3003 totu
1515 2950 1590 3004 laven
1607 2966 1653 3023 pe·

353 3038 440 3085 etnre.
485 3030 555 3085 berre
575 3031 641 3086 vale.
663 3032 741 3087 basil.
758 3033 844 3106 pridie
867 3033 1018 3106 paschatis,
1041 3033 1092 3087 boc
1108 3041 1149 3087 est
1168 3038 1210 3091 ⁶26.
1226 3032 1328 3094 llartii,
1351 3036 1399 3087 dn.
1418 3039 1492 3092 tarr.

372 3293 507 3332 insitu.
851 3256 855 3264 ’
890 3263 1115 3339 CCCLXII.
1362 3289 1383 3328 2·
1398 3295 1491 3330 nemn-
1511 3282 1547 3342 (n-
1563 3285 1634 3343 mm

1346 3352 1649 3361 Ἥ..

720 3417 908 3498 bemineru]
931 3422 1052 3478 Eunsttt
1075 3419 1286 3475 ROTERODAlll

759 3522 920 3563 ermenus
943 3521 1179 3563 srcnnrrssrnn
1201 3521 1245 3560 nn

608 3666 628 3674 ,y
756 3605 793 3653 Μ.
813 3603 1016 3654 CONRADVM
1034 3603 1251 3653 GOCLENIVM

653 3691 782 3731 narrum
806 3692 935 3733 nineve
954 3692 1090 3732 novnurr
1114 3690 1349 3732 rnnrnssonma

671 3778 731 3815 cum
757 3762 806 3834 ipsi
831 3761 892 3816 vitae
913 3780 969 3817 suae
990 3760 1180 3833 compendium
1200 3761 1330 3822 mitteret,

699 3863 730 3900 er
753 3846 838 3918 ipsios
861 3865 942 3902 rnanu
965 3845 1082 3901 fideliter
1103 3853 1306 3920 repraesentata.

924 3955 1076 3964 ———-

732 3994 768 4042 M.
789 3993 962 4045 CONRADO
983 3995 1171 4045 GOCLENIO
1191 3993 1218 4043 S.
1238 3994 1272 4042 D.

313 4095 342 4135 ³5
646 4091 649 4098 ·
734 4066 933 4156 Ἀναγίνωσκε
954 4072 1061 4157 μόνος,
1084 4076 1135 4137 καὶ
1158 4072 1269 4156 λα’θρα.

439 4198 531 4255 bestat
552 4206 689 4255 crtremns
712 4208 789 4255 actm
809 4199 889 4255 buius
913 4199 1024 4264 fabula,
1049 4201 1081 4257 ad
1104 4219 1184 4274 quem
1205 4202 1385 4275 peragendum
1402 4220 1471 4275 opus
1486 4209 1529 4257 est
1545 4201 1706 4278 Pyladeqq
1766 4256 1769 4259 Α

353 4345 487 4396 cccxli.
509 4345 569 4395 l:
581 4349 689 4397 Ernsmi
704 4349 772 4413 llpp.
787 4348 857 4408 (lud.
872 4348 939 4397 bibl.
954 4348 1082 4428 offla.)
1102 4354 1199 4412 quarto
1218 4350 1367 4412 quintoque
1386 4348 1451 4397 libri
1471 4349 1555 4397 foliis.
1591 4352 1654 4397 ⁴2:

422 4481 433 4511 ⁸
452 4480 535 4547 nlius]
555 4482 622 4532 Otto
641 4483 844 4532 Brunnfelsius.
864 4483 1008 4533 Ridiculus
1027 4483 1114 4532 vetuli
1133 4485 1241 4532 Ernsmi
1261 4484 1343 4532 timor
1361 4488 1405 4532 cot
1424 4487 1452 4531 et
1470 4498 1569 4546 nugor,
1595 4500 1652 4547 prm

353 4565 453 4630 quibus
471 4567 575 4631 ignava
594 4567 703 4616 malitin
721 4568 755 4617 de
775 4568 877 4616 iniuria
896 4568 999 4632 optimo
1017 4567 1121 4616 bomini
1140 4566 1194 4616 sibi
1212 4567 1294 4615 unice
1313 4566 1470 4616 ndmirubili
1484 4565 1650 4630 dilectoque,

352 4652 371 4698 i.
387 4667 411 4698 e.
431 4650 486 4698 sibi
505 4652 559 4716 ipsi
578 4652 657 4701 factu
675 4666 729 4699 nou
747 4652 801 4700 nisi
820 4653 849 4700 ln
867 4652 959 4700 verbis
978 4652 1013 4700 ad
1033 4650 1104 4700 alios
1123 4651 1238 4699 directis
1256 4666 1403 4714 prorepere
1424 4650 1515 4698 nudet.
1551 4651 1651 4699 Volue-

353 4734 496 4785 rothomo
515 4752 529 4785 e
549 4734 666 4784 latebris
684 4735 742 4785 suis
761 4735 915 4785 simulando
933 4735 1188 4799 dissimulandoque
1207 4734 1367 4800 splendere3
1386 4735 1527 4783 Iluttenus
1546 4734 1651 4783 stellio·

352 4833 415 4867 nem
435 4834 449 4867 e
468 4820 545 4868 rimis
564 4821 686 4884 expavit.
723 4821 786 4869 bine
801 4820 856 4869 illm
871 4820 992 4884 querulae
1011 4818 1139 4884 cpistnloe
1159 4818 1340 4883 lugentesque
1361 4818 1489 4868 eiulatus.
1543 4816 1566 4851 ²⁰
1584 4817 1652 4877 Μῦς

351 4902 453 4967 πίττης
471 4896 769 4969 pedq.ntacar.v1.d.
839 4901 862 4934 ²⁵
879 4902 969 4969 tot0]?
987 4906 1103 4954 Ernsmo
1121 4904 1230 4952 Erasmi
1249 4905 1277 4952 in
1296 4908 1409 4968 pectore
1427 4903 1543 4968 primum
1562 4903 1651 4953 lorum

352 4988 484 5036 Ernsmnn
502 4989 559 5037 dut.

421 5071 444 5103 ⁸⁸
462 5073 539 5138 Lege
559 5072 634 5122 solus
653 5078 681 5121 et
700 5072 771 5122 elam
790 5073 872 5136 nequi
892 5073 992 5122 sciunt.
1023 5073 1124 5135 (Pauca
1143 5076 1167 5121 in
1185 5073 1233 5122 dne
1251 5074 1360 5137 epistola
1377 5075 1502 5130 nonenim,
1529 5090 1586 5138 quur
1604 5091 1652 5125 non

1362 5156 1426 5217 26*
