4367 6084
428 705 585 756 cccxclt.
601 720 808 755 nrrnnnonrru
821 718 858 753 un
869 719 974 753 nussim
989 720 1133 754 ninnnnvu
1146 719 1231 754 ivsra
1245 719 1381 760 ornante.
1401 719 1483 753 rnen.
1499 712 1557 752 tsst.
1594 687 1668 757 449

460 879 519 934 111.
547 879 649 946 „Quod
671 894 737 934 aero
758 880 934 933 innocentem
957 892 1000 932 me
1021 879 1062 932 sic
1092 884 1213 932 coriatus
1233 862 1276 931 est
1295 877 1435 945 perdere,
1464 884 1492 932 et
1520 877 1669 932 bistoriam

376 965 431 1032 „de
453 979 496 1017 me
515 965 676 1029 contexuit,
700 969 731 1017 ut
753 963 892 1033 Friburyi
907 964 1047 1017 correitoto
1066 963 1204 1026 tumultu,
1227 967 1344 1015 coactus
1358 962 1410 1015 sim
1428 962 1583 1026 discedere,
1604 979 1668 1015 curn

376 1049 540 1114 „diuersum
562 1055 589 1102 et
616 1048 685 1101 urbs
706 1048 792 1112 sciat,
823 1054 850 1099 et
872 1052 957 1100 testes
979 1047 1041 1099 uitae
1057 1046 1158 1115 probae
1179 1046 1238 1100 illic
1262 1052 1347 1109 actae,
1378 1060 1440 1099 esse
1460 1051 1582 1114 possunt
1605 1047 1667 1099 uni·

375 1134 474 1196 „uersi
492 1133 576 1186 circs.
622 1131 680 1188 Pro
702 1132 772 1184 loesu
793 1131 970 1194 innocentia,
993 1130 1172 1198 pauperibus
1193 1129 1293 1183 ibidem
1310 1135 1422 1183 centnm
1438 1130 1600 1199 elargiatur
1615 1132 1667 1183 du-

354 1222 493 1282 s„cutos,
526 1216 621 1269 itidem
642 1217 672 1269 in
694 1214 750 1269 liae
770 1215 878 1284 inclyta
907 1214 976 1267 urbe
999 1212 1108 1285 faciat,
1143 1214 1280 1267 deteantos
1306 1229 1372 1267 uero
1400 1215 1429 1268 in
1450 1214 1667 1282 ArpentarutoS,

375 1315 467 1370 „quos
496 1300 557 1369 ipse
586 1299 700 1371 feram,
732 1306 759 1352 ot
782 1314 841 1367 pro
869 1313 929 1351 mea
961 1299 1081 1352 arbitria
1107 1298 1203 1368 epenis
1230 1298 1451 1366 dispensaturus
1478 1313 1550 1351 sunt.
1596 1299 1668 1353 Hac

374 1384 489 1451 „omnia
510 1400 566 1454 pro
588 1385 714 1453 impetita
736 1389 763 1435 et
784 1383 964 1450 simplicitate
986 1388 1013 1435 et
1035 1383 1206 1436 innocentie.
1251 1381 1366 1434 Dnmnn
1384 1383 1461 1436 loesoe
1480 1381 1585 1452 samoe,
1614 1385 1669 1437 etsi

373 1469 505 1533 „maiora
528 1473 608 1534 sunt,
632 1483 718 1538 quam
742 1482 807 1536 quae
827 1467 966 1520 aestimari
983 1469 1111 1536 possint,
1144 1473 1238 1520 tamen
1261 1466 1294 1520 ob
1313 1471 1410 1520 uetera
1434 1468 1462 1520 in
1483 1483 1526 1520 me
1554 1471 1665 1533 merito,

373 1559 452 1617 „tum
477 1553 583 1621 pietate
606 1554 721 1616 ductus,
756 1552 884 1604 condono
911 1551 1024 1616 lubens,
1059 1551 1085 1604 si
1108 1552 1213 1619 priora
1243 1551 1363 1619 recipit:
1394 1553 1472 1622 quod
1498 1553 1525 1604 si
1550 1558 1666 1607 recusat

340 1643 364 1682 1⁰
375 1636 553 1703 ,‚Erasmus,
575 1637 632 1690 uita
649 1636 723 1689 sciat
743 1649 787 1689 me
804 1636 917 1704 potius,
949 1651 1034 1705 quum
1054 1633 1138 1705 sarna
1156 1634 1420 1706 periclitaturum.”

456 1770 496 1824 Ad
519 1788 598 1844 quam
620 1767 833 1842 postulationem
857 1785 941 1823 meam
965 1769 1003 1824 sie
1026 1768 1182 1842 rospondit:

456 1887 480 1942 Ι.
504 1888 682 1957 „Epistulam
704 1904 790 1957 queam
807 1887 955 1958 preelegit,
978 1903 1035 1941 non
1055 1901 1192 1956 upnasco,
1216 1900 1268 1940 nec
1290 1887 1417 1941 arbitror
1474 1897 1641 1975 Efflttggtofi

374 1986 438 2037 „me
459 1973 611 2047 scripsisse
634 1973 720 2038 tutin,
754 1987 807 2026 nec
835 1971 988 2041 exemplar
1010 1973 1038 2024 in
1061 1971 1130 2024 meis
1151 1970 1264 2025 schedis
1291 1972 1414 2040 reperio,
1513 1940 1653 2017 usnimi*

373 2062 421 2120 „et
442 2057 563 2126 epistola
584 2056 680 2123 ducis,
702 2057 729 2110 si
742 2053 934 2127 proferatur,
958 2055 1108 2110 testabitur
1124 2055 1251 2109 metatio
1267 2071 1322 2109 non
1343 2057 1503 2125 scripsisse.
1543 2056 1663 2111 Tarunm

334 2141 527 2208 1⁵„admonui
548 2140 663 2206 ducem,
695 2142 827 2195 utillum
849 2141 888 2193 ad
907 2138 1054 2195 honestum
1076 2138 1254 2210 functionem
1276 2139 1311 2193 ab
1334 2140 1394 2194 ocio
1416 2147 1581 2207 reuocaret,
1613 2149 1663 2195 aret

370 2231 468 2289 „certe
493 2226 614 2295 quietem
642 2225 712 2279 miti
739 2225 774 2279 ab
801 2225 848 2278 illo
875 2226 1051 2295 impetraret.
1103 2223 1147 2278 De
1173 2225 1359 2293 inscriptione
1387 2225 1485 2290 libelli,
1518 2227 1545 2278 si
1567 2226 1663 2280 uidero

370 2308 515 2376 „animum
535 2310 612 2363 iltius
630 2308 743 2381 sactum
774 2310 910 2376 amicum,
947 2326 1003 2364 nou
1028 2309 1189 2380 prauabor,
1223 2309 1334 2361 maiora
1359 2307 1499 2382 [actenus
1531 2311 1663 2363 amicitiae

370 2394 530 2458 „nomine”

452 2476 495 2531 II.
518 2476 630 2544 „Quam
646 2480 683 2532 sit
698 2480 740 2532 illi
756 2480 897 2548 princeps
918 2478 1026 2542 iratus,
1048 2478 1159 2542 nescia,
1182 2483 1234 2530 aut
1255 2491 1328 2546 quas
1350 2477 1462 2530 irarum
1483 2492 1589 2532 euersas
1610 2479 1661 2556 lta·

333 2560 470 2626 ²0„beat,
499 2562 567 2616 milti
594 2580 651 2617 non
671 2569 791 2618 corestut.
837 2562 968 2616 Habebat
993 2561 1266 2631 apparator-ptius
1279 2562 1430 2615 Emserum
1452 2562 1559 2615 bostem
1582 2566 1661 2634 capi·

369 2646 488 2712 „tatem,
517 2647 598 2716 apud
618 2646 794 2716 Principem.
840 2645 872 2701 Si
891 2662 930 2700 ece
958 2661 1020 2700 mea
1048 2647 1166 2717 querela
1192 2644 1335 2715 Princeps
1350 2645 1450 2716 sactus
1470 2653 1512 2700 est
1531 2648 1661 2714 alienior,

370 2744 446 2794 „non
468 2731 615 2799 precabor
631 2731 685 2786 boc
704 2734 773 2784 meis
794 2731 885 2786 literis
907 2732 1028 2786 ciuiliter
1050 2732 1168 2799 scriptis
1187 2731 1332 2800 mitipure,
1354 2738 1497 2800 quatenus
1516 2732 1582 2785 ticet
1596 2748 1660 2786 oum

278 2835 282 2840 ·
369 2814 477 2877 „tantis
495 2816 677 2884 principibus
699 2821 813 2885 opere!¹

452 2896 510 2952 111.
531 2897 594 2965 „Ile
616 2900 801 2969 eleemosynis
820 2901 881 2968 ipse
904 2899 1028 2964 curabo,
1057 2915 1122 2954 rum
1145 2899 1214 2953 milri
1234 2899 1313 2953 Deus
1342 2900 1372 2953 in
1395 2905 1514 2953 mentem
1542 2902 1659 2955 miserit.

330 2980 450 3045 ²5‚‚Nec
471 2997 533 3035 mea
553 2981 660 3054 refert,
682 2983 820 3054 quomodo
845 2983 892 3037 bic
914 2990 965 3036 aut
980 2983 1121 3054 Friburpi
1138 2984 1257 3049 uixerit,
1283 3000 1338 3053 quo
1356 2985 1485 3037 sanctius
1504 2986 1584 3049 uixit,
1607 2985 1660 3040 troc

369 3067 617 3137 „mapis‘ycudea
661 3067 705 3122 De
726 3069 825 3122 aureis
842 3082 912 3138 quos
933 3067 1060 3136 postulet
1082 3067 1138 3121 sibi
1157 3069 1238 3134 duri,
1256 3075 1382 3137 praestat
1396 3070 1490 3133 sileri,
1514 3084 1549 3122 ne
1565 3071 1659 3124 ridea-

366 3156 435 3215 „tur
455 3151 488 3204 ob
511 3150 588 3206 bunc
611 3168 730 3207 causam
752 3152 906 3206 intendisse
928 3152 1017 3218 litem,
1049 3158 1118 3222 aaut
1139 3152 1244 3217 amice,
1278 3159 1305 3204 et
1328 3153 1440 3206 desinat
1464 3148 1605 3222 poputum
1629 3156 1659 3207 in

299 3276 301 3280 ι
366 3249 430 3299 „me
451 3237 610 3302 concitare,
639 3253 696 3291 non
715 3237 817 3307 patiar
836 3251 879 3290 me
901 3237 976 3290 cirici
994 3236 1142 3306 civilitate,
1175 3235 1291 3289 uberius
1315 3237 1358 3290 illi
1384 3236 1522 3306 prodesse
1540 3253 1658 3307 possum

366 3316 508 3388 „officiis,
540 3337 625 3390 quarn
652 3323 679 3375 si
705 3321 767 3375 dem
797 3323 933 3376 ducentos
961 3324 1094 3374 aureas.''

330 3406 357 3446 ³⁰
451 3402 507 3459 Hoc
533 3403 696 3477 responsum
724 3404 832 3460 rettulit
854 3405 952 3460 licatns
982 3402 1135 3458 Rhenanus.
1183 3401 1317 3457 Gravabar
1351 3402 1377 3457 in
1411 3403 1498 3476 primo
1532 3404 1656 3466 articulo.

364 3485 437 3556 quod
459 3503 514 3542 non
537 3489 672 3563 reciperet
694 3489 915 3562 inscriptionem,
946 3487 997 3542 nisi
1019 3487 1123 3542 videret
1144 3488 1261 3542 animum
1284 3503 1372 3541 meum
1395 3487 1446 3541 sibi
1470 3487 1568 3542 lactum
1592 3489 1657 3543 ami-

363 3586 438 3624 sum:
472 3588 552 3644 qnem
580 3590 699 3628 amorem
726 3572 850 3646 polliceri
878 3571 1022 3633 debebam,
1052 3571 1098 3644 qui
1122 3579 1175 3626 tam
1198 3570 1329 3626 atrociter
1351 3571 1471 3626 ollcnsus
1494 3574 1587 3626 erant?
1618 3574 1656 3627 in·

363 3653 539 3726 scriptionem
562 3656 647 3729 igitur
670 3657 748 3713 affert
771 3674 851 3713 manu
873 3655 975 3712 Erasmi
998 3655 1127 3728 scriptam
1151 3655 1233 3711 lianc:

578 3787 707 3836 ERASM
711 3788 756 3836 VS
773 3784 1132 3837 antepenultimam
1155 3783 1442 3835 EPPENDORPIIIO

970 3865 993 3908 S.
1015 3866 1045 3907 lt.

325 3969 352 4010 ss
447 3957 575 4022 „Diuites
596 3959 728 4014 diuitibus
748 3961 861 4014 mittunt
882 3974 982 4030 equos,
1006 3960 1113 4023 aalma,
1136 3974 1262 4030 pommus
1284 3966 1311 4013 et
1333 3976 1449 4026 aurum,
1473 3966 1550 4014 muta
1574 3962 1654 4014 rtirni-

361 4057 445 4104 „rum
459 4057 605 4108 munera,
628 4058 680 4098 nec
703 4045 863 4110 duratura,
883 4051 1030 4114 postremo
1052 4060 1117 4115 quoe
1138 4060 1190 4099 uec
1212 4046 1369 4110 meliorem,
1398 4059 1450 4099 nec
1479 4047 1654 4100 ornatiorem

361 4126 505 4190 „reddunt
526 4141 605 4194 eum,
628 4129 676 4180 cui
697 4130 862 4194 mittuntur,
886 4135 913 4183 et
934 4131 1138 4199 pauperiorem
1161 4131 1255 4195 illum,
1290 4146 1307 4182 a
1330 4146 1385 4200 quo
1410 4130 1654 4200 proficiscuntur:

360 4209 455 4273 „inter
477 4225 525 4265 eos
547 4226 629 4277 uero,
660 4228 732 4282 quos
753 4215 904 4267 literarum
928 4214 1085 4268 communis
1109 4231 1190 4267 amor
1210 4213 1364 4284 soederaoit
1376 4257 1382 4278 ,
1412 4215 1493 4269 aliud
1513 4215 1653 4269 donorum

359 4307 469 4363 ,penus
489 4309 649 4350 commeare
668 4298 764 4362 decet,
787 4312 851 4366 quie
876 4310 929 4350 nec
949 4297 1129 4351 erebnuriunt
1151 4299 1336 4367 torpentem,
1366 4304 1394 4351 et
1417 4297 1547 4368 fructum
1570 4300 1655 4353 simul

323 4390 417 4442 to„ac
438 4378 525 4432 decus
544 4380 674 4449 afferunt
696 4381 856 4449 accipienti.
904 4379 1031 4435 Proinde
1053 4381 1175 4435 libellum
1197 4382 1289 4444 mitto,
1320 4388 1368 4435 tuo
1390 4383 1515 4437 dicatum
1538 4387 1653 4448 nomini,

358 4460 517 4526 „literariae
537 4465 680 4518 societatis
702 4465 766 4518 otim
788 4465 863 4518 inter
881 4479 932 4518 nos
952 4465 1030 4517 initu·
1050 4470 1276 4530 monumentum,
1303 4480 1388 4533 quum
1411 4480 1462 4536 epo
1479 4475 1652 4535 perpetuam

357 4559 439 4608 „esse
459 4547 637 4601 veliementer
655 4551 768 4617 cupio,'
790 4562 842 4602 nee
865 4553 973 4602 tantum
995 4549 1193 4617 permittemus
1214 4549 1296 4602 malis
1321 4549 1439 4618 liupuis,
1471 4555 1502 4602 ut
1524 4559 1652 4605 nostram

357 4630 545 4695 „amicitiam,
572 4630 722 4685 Musarum
747 4633 884 4702 auspiciis
903 4633 1097 4697 conciliatam,
1119 4633 1268 4697 dirimant,
1298 4640 1442 4701 utcunque
1464 4635 1553 4687 moliti
1576 4641 1652 4699 sunt,

357 4727 429 4777 „nos
454 4715 603 4769 internos
629 4718 818 4784 committere,
846 4717 898 4771 sed
922 4733 977 4772 non
1005 4724 1031 4771 te
1052 4717 1220 4772 remorabor
1242 4718 1379 4786 amplius,
1415 4733 1470 4787 quo
1496 4717 1546 4770 tibi
1573 4725 1653 4772 uraca

320 4798 497 4862 es„audire,
526 4800 596 4868 qaid
619 4800 756 4871 loquatur
777 4802 915 4856 libellus.”
1464 4797 1466 4800 ’

439 4913 546 4970 Laetam
571 4933 623 4970 nna
645 4934 706 4973 enm
729 4919 847 4973 secundo
870 4917 986 4975 articulo
1010 4918 1127 4991 recipio,
1157 4918 1183 4973 in
1210 4918 1292 4972 tertio
1315 4935 1379 4973 roro
1402 4919 1469 4973 satis
1491 4918 1586 4974 callide
1610 4938 1651 4976 re·

354 4997 480 5072 spondit,
504 5016 564 5054 curn
588 5000 690 5072 inquit,
714 5019 743 5057 so
766 5001 863 5057 officiis
886 5010 913 5056 et
937 5003 1026 5058 studio
1050 5002 1161 5058 uberius
1183 5002 1314 5075 prodesse
1337 5019 1432 5076 posse,
1457 5004 1580 5076 quamsi
1604 5005 1650 5060 det

413 5096 544 5146 Hvrrenr
563 5096 631 5147 Ore.
652 5113 715 5148 von.
730 5100 766 5148 11.
1389 5100 1429 5160 29
1451 5114 1454 5123 ’
