4367 6084
413 724 570 776 CCCXCII.
591 741 797 776 sernunonrrrr
811 738 846 775 sn·
859 741 962 776 sessui
978 741 1119 775 crnsnaru
1133 730 1215 775 r‘rsra
1229 739 1366 781 ernanus.
1380 739 1461 773 rsnn.
1478 732 1535 773 1531.
1578 709 1643 778 451

360 899 527 959 honestatis,
551 907 606 954 tum
627 898 762 954 libertatis
786 898 900 973 publicae
920 899 1025 959 studio:
1058 898 1153 952 oderat
1182 897 1351 970 tyrannidem
1378 895 1547 969 quorundam
1576 896 1651 970 plus·
1693 945 1697 953 .

361 1000 440 1054 apuam
463 983 677 1043 Sarracenicam,
710 993 738 1039 et
760 1002 792 1039 eu
816 985 841 1038 iu
865 984 959 1056 primis
980 983 1103 1043 nemine,
1139 981 1211 1054 quod
1241 988 1375 1054 praetextu
1403 981 1512 1054 pietalis
1536 982 1651 1037 dedissi-

360 1067 610 1123 mam-servitutem
634 1068 783 1123 Germaniae
812 1067 987 1123 molirentur:
1027 1066 1071 1139 qui
1098 1066 1202 1120 auiurus
1232 1083 1273 1120 me
1303 1065 1335 1120 ad
1365 1064 1439 1120 illius
1467 1066 1585 1121 studium
1612 1066 1650 1121 sic

358 1151 494 1211 accendit,
527 1161 557 1206 ut
583 1152 649 1206 nibil
672 1153 909 1226 praetermitterem
938 1152 1011 1225 qriud
1041 1151 1072 1205 ad
1100 1151 1176 1205 arruici
1203 1149 1321 1205 elbcium
1350 1156 1474 1222 spectare
1500 1150 1649 1210 ridebatur.

337 1235 420 1289 adedi
442 1243 552 1295 mutua.
576 1236 653 1291 sidem
676 1237 828 1310 interposui
853 1254 951 1297 ineam.
975 1237 1110 1291 numerari
1133 1252 1183 1308 pro
1205 1235 1363 1295 demortuo,
1388 1242 1509 1289 mertem
1532 1234 1649 1308 deniqne

358 1318 486 1373 dolenter
510 1319 568 1374 tuli.
609 1320 684 1388 Quod
708 1322 730 1375 si
751 1321 872 1377 defuncti
895 1320 1075 1394 patrocinium
1099 1319 1163 1374 milri
1183 1319 1406 1391 desumpsissent,
1431 1319 1535 1391 experti
1557 1327 1649 1373 esseut

357 1402 455 1476 aliqui,
478 1404 555 1459 euius
574 1404 731 1477 petulantiae
754 1413 781 1460 et
797 1405 970 1478 impudentiae
992 1413 1081 1465 esset,
1105 1412 1229 1459 mortuos
1245 1402 1393 1458 maledictis
1410 1402 1544 1462 inscctari.
1568 1413 1649 1477 alque

361 1486 414 1541 illis
437 1488 583 1549 insultare,
610 1490 655 1561 qui
679 1490 728 1544 iarn
754 1490 864 1544 extincti
893 1489 1058 1562 respondere
1081 1506 1135 1544 uon
1159 1495 1282 1561 possunt.
1321 1487 1388 1542 llam
1413 1488 1564 1542 temeritate
1586 1507 1648 1543 ero-

358 1588 450 1627 muere
475 1573 581 1644 quidam
606 1572 713 1628 libellos
737 1575 763 1629 iu
785 1573 957 1629 Frarreiscum
980 1590 994 1628 a
1017 1572 1176 1643 Sieliingen:
1204 1572 1288 1627 miror
1311 1571 1420 1627 illorum
1445 1572 1577 1645 insignem
1602 1574 1649 1629 iru-

325 1655 539 1728 reprobitatem,
566 1675 626 1713 euru
655 1657 873 1732 incomparabilis
895 1657 967 1712 illius
994 1657 1087 1712 herois
1110 1658 1237 1713 virtutem
1261 1656 1341 1712 bodie
1372 1665 1399 1712 et
1429 1656 1596 1713 admirentur
1621 1668 1648 1713 el

358 1739 468 1795 laudent
490 1741 586 1797 hostes
604 1742 685 1797 etiam
708 1736 771 1798 suis
803 1743 972 1798 Theodosius
996 1750 1023 1797 et
1045 1741 1249 1797 Valentinianus
1270 1741 1447 1815 imperatores
1477 1743 1565 1815 capita
1588 1742 1648 1797 illo-

358 1841 417 1879 rum
440 1827 627 1899 persequenda
648 1827 819 1889 statuebant,
850 1829 896 1900 qui
919 1835 1089 1882 mertuorum
1120 1826 1262 1900 sepulchra
1292 1824 1452 1881 violassent:
1486 1844 1539 1898 quo
1562 1828 1648 1901 magis

357 1909 508 1964 mirandum
531 1913 603 1984 qued
625 1912 652 1966 in
676 1930 724 1968 ees
745 1911 813 1967 nibil
835 1919 1003 1974 statuerunt,
1028 1911 1074 1985 qui
1097 1911 1209 1967 miseras
1233 1910 1320 1966 larvas
1343 1910 1518 1966 amarulentis
1538 1907 1648 1985 scriptis

357 1993 552 2066 insequuntur,
586 2014 635 2052 nec
657 1996 817 2052 clementius
840 1998 921 2052 etiam
941 1997 1087 2063 decernant
1111 1997 1137 2050 iu
1166 1995 1308 2050 liberarias
1331 1996 1411 2050 buius
1434 1995 1567 2068 nepbandi
1591 2015 1648 2052 sce·
1683 2009 1688 2018 ⁴

320 2077 423 2132 taleris
448 2079 596 2136 ministros.
640 2081 725 2138 Habet
747 2081 882 2137 liuttenus
903 2081 976 2136 iuter
995 2098 1059 2136 suos
1079 2079 1179 2136 multos
1200 2080 1309 2153 optimae
1330 2081 1387 2153 spei
1411 2081 1533 2140 iuvenes,
1560 2080 1647 2136 literis

356 2180 409 2217 non
430 2164 518 2219 minus
541 2183 620 2238 quam
644 2184 743 2239 genere
765 2166 868 2222 claros:
892 2166 930 2220 illi
946 2166 1018 2238 quid
1041 2183 1092 2239 pro
1112 2164 1185 2220 alfini
1201 2164 1346 2239 aliquando
1360 2165 1531 2220 conabuntur
1546 2168 1646 2226 neseio.

355 2264 407 2318 ego
428 2255 459 2301 nt
481 2265 561 2304 causa
584 2268 638 2305 non
662 2251 793 2313 succedo,
818 2251 856 2306 sic
878 2268 1015 2323 nunquam
1038 2250 1182 2305 defuturus
1204 2267 1262 2304 sum
1286 2248 1358 2304 illius
1377 2250 1515 2305 memorie
1531 2259 1556 2305 el
1574 2268 1647 2311 nieu-

356 2332 424 2386 tioni
443 2331 652 2390 honestissimae.
676 2337 764 2408 Atque
788 2336 850 2391 binc
868 2334 930 2390 licet
950 2335 1053 2390 dissidii
1076 2334 1149 2389 inter
1167 2350 1221 2401 pos
1241 2332 1305 2388 olim
1328 2333 1433 2388 suborti
1454 2334 1515 2389 lons
1534 2324 1646 2397 derivet,

356 2423 412 2470 tum
432 2425 506 2472 esset
525 2418 632 2474 aliunde
652 2419 735 2475 multa
759 2419 877 2493 querelae
902 2420 1022 2481 occasio,
1057 2428 1144 2474 tamen
1168 2418 1201 2473 ab
1223 2418 1272 2473 bac
1297 2435 1349 2473 una
1375 2417 1491 2492 epistula
1518 2429 1646 2492 expostu-

316 2498 426 2554 eulandi
446 2518 552 2557 causam
575 2505 693 2578 sumpsi,
727 2522 778 2577 qua
801 2505 837 2559 ait
859 2504 1000 2565 Erasmus,
1029 2521 1071 2558 me
1093 2503 1226 2577 imprimis
1254 2501 1401 2565 ullerrsunr,
1431 2521 1491 2558 eum
1514 2504 1646 2559 scriberet

355 2584 453 2640 iactare
474 2602 516 2640 me
536 2587 653 2643 nobilem
677 2607 728 2661 pro
750 2588 875 2662 plebeio,
897 2596 924 2644 et
949 2589 1023 2662 impii
1046 2589 1149 2660 negotii
1171 2586 1305 2649 ecclesiae,
1328 2605 1380 2659 qua
1402 2604 1457 2643 non
1478 2588 1645 2651 sceleratior,
1681 2597 1687 2602 ’

355 2664 589 2742 propugnatorem
614 2680 641 2728 et
664 2682 809 2746 patronum
833 2691 901 2730 esse.
946 2674 1030 2729 Natus
1057 2690 1117 2727 sum
1146 2672 1172 2726 in
1202 2689 1269 2744 agro
1297 2671 1340 2728 eui
1368 2689 1436 2743 gens
1466 2689 1524 2727 mea
1547 2690 1644 2728 nomen

353 2752 440 2815 dedit,
462 2771 517 2809 non
540 2754 621 2829 longe
640 2775 655 2811 a
676 2757 811 2830 Friburgo
834 2758 901 2813 urbe
921 2758 1023 2820 blisuiae
1046 2756 1163 2818 celebri,
1190 2774 1266 2818 avos,
1295 2765 1402 2818 atavos,
1431 2765 1558 2830 parentes
1582 2759 1643 2813 item

354 2836 463 2910 (quibus
487 2848 514 2893 et
534 2840 615 2895 elaris
639 2850 666 2896 et
688 2842 798 2915 optimis
821 2857 987 2916 progressus
1007 2842 1078 2913 sum)
1102 2851 1156 2896 tam
1175 2841 1251 2897 soleo
1272 2841 1385 2902 iactare,
1410 2859 1490 2914 quam
1506 2841 1566 2897 aliis
1582 2861 1646 2899 suas

317 2922 450 2978 easenles
470 2924 622 2996 exprobro:
646 2926 710 2998 quid
732 2927 802 2982 enim
827 2944 883 2982 mea
907 2927 991 2982 relert
1017 2945 1067 3000 qua
1091 2926 1151 2982 lena
1175 2926 1262 3000 quare
1282 2933 1329 2980 aut
1352 2926 1492 2981 sacerdote
1519 2934 1565 2981 aut
1588 2945 1645 2982 mo·

353 3006 438 3062 unche
463 3008 593 3080 quibusve
616 3027 630 3065 e
654 3010 833 3084 sterquiliniis
861 3013 922 3085 quis
947 3013 1131 3084 prorepserit,
1164 3011 1244 3065 modo
1272 3010 1372 3082 ingenii
1402 3010 1512 3065 dotibus
1539 3012 1643 3074 danum,

353 3108 413 3164 quae
437 3109 491 3147 nen
515 3108 563 3148 sua
582 3093 661 3168 culpa
683 3095 826 3157 accidunt,'
841 3096 984 3169 rependat,
1008 3103 1183 3169 superetque.
1225 3112 1293 3167 equos
1309 3112 1373 3149 veru
1390 3093 1564 3167 Erarrgelices
1580 3115 1644 3170 pro·

352 3193 487 3248 pugnem,
510 3178 598 3233 sciunt
620 3180 647 3233 ui
669 3197 729 3235 cum
754 3180 862 3253 quibus>
877 3181 928 3234 iam
950 3178 1055 3252 aliquot
1076 3179 1153 3234 anuis
1176 3178 1235 3232 viri.
1278 3179 1358 3233 dblui
1381 3196 1395 3233 a
1419 3179 1478 3234 solo
1500 3182 1590 3251 patrio
1611 3198 1643 3236 eo

354 3261 492 3334 praecipue
515 3262 644 3325 consiliu,
669 3272 699 3319 ut
720 3265 859 3319 bominum
884 3272 911 3319 et
933 3263 1073 3319 literarum
1101 3263 1210 3318 doctior
1238 3263 1415 3334 ornatiorque
1443 3262 1588 3336 aliquando
1610 3265 1642 3319 ad

318 3360 429 3399 romeus
452 3346 584 3401 redirem:
618 3365 667 3404 nec
690 3358 792 3422 praeter
814 3350 866 3404 lroc
888 3347 959 3403 aliud
985 3365 1081 3421 agens,
1117 3348 1189 3421 quod
1212 3346 1274 3401 inde
1295 3346 1410 3419 intelligi
1432 3354 1537 3419 potest,
1570 3349 1643 3421 quod

353 3429 483 3485 hactenus
505 3448 547 3486 me
563 3431 631 3486 nulli
647 3451 735 3505 neque
751 3433 837 3495 aule,
860 3450 947 3506 neque
964 3422 1123 3506 reipublicae
1141 3431 1302 3492 addixerim,
1321 3448 1380 3486 mea
1394 3431 1527 3486 tenuitate
1542 3433 1641 3487 virens.

352 3512 428 3579 Quod
452 3522 542 3570 autem
564 3523 666 3589 praeter
687 3518 830 3573 consilium
856 3527 882 3574 et
903 3518 1056 3572 institutum
1080 3534 1169 3572 meum
1192 3516 1238 3571 diu
1261 3534 1321 3570 cum
1344 3515 1572 3587 Argentoratibus
1595 3517 1642 3579 lui,

351 3599 410 3652 etsi
424 3616 508 3654 morae
523 3617 631 3656 causam
651 3603 717 3657 satis
733 3611 877 3676 praestaret
894 3601 945 3657 loci
963 3609 1019 3657 tum
1036 3602 1190 3662 amoenitas,
1213 3609 1269 3655 tum
1289 3599 1350 3655 cmii
1369 3600 1529 3672 temperies,
1553 3608 1642 3656 taurea

351 3682 517 3757 respublica,
541 3694 595 3741 tam
618 3686 735 3743 leliciter
757 3688 905 3743 constituta
931 3685 1075 3759 plusquam
1099 3687 1242 3760 quicquam
1264 3684 1349 3743 aliud,
1372 3702 1414 3740 me
1430 3685 1481 3739 buc
1497 3702 1583 3758 usque
1598 3686 1643 3740 de-

317 3768 450 3822 sstinuit:
482 3777 568 3842 atque,
588 3779 619 3826 ut
640 3772 699 3827 eius
729 3772 842 3827 lormam
867 3772 959 3846 paucis
988 3772 1146 3846 depingam,
1177 3778 1229 3825 tam
1251 3769 1363 3842 egregie
1383 3769 1508 3825 instituta
1528 3779 1583 3832 est,
1613 3779 1643 3825 ut

350 3851 418 3906 nulli
433 3852 530 3908 civium
546 3855 635 3910 ordini
651 3873 715 3910 suus
731 3857 890 3912 detrabatur
905 3857 1008 3917 boner,
1033 3857 1135 3911 mixtim
1151 3864 1179 3911 et
1194 3863 1286 3928 patres
1308 3863 1335 3909 et
1357 3853 1462 3909 nobiles
1484 3871 1573 3909 rerum
1594 3874 1643 3926 gu·

350 3934 503 3993 bernaculis
520 3947 650 4011 praesunt,
667 3946 740 3995 tanta
756 3941 913 4015 reipublicae
929 3941 1078 4001 lrarmouia,
1095 3949 1124 3996 ut
1141 3948 1249 4013 patrum
1264 3939 1390 4012 gravitas,
1406 3939 1537 3994 nubilium
1553 3939 1643 4013 splen·

350 4019 401 4075 dur
422 4030 450 4077 et
468 4021 578 4077 claritas
600 4022 671 4096 plebi
694 4026 730 4080 sit
753 4044 832 4100 quam
860 4028 997 4083 minimum
1024 4027 1122 4106 gravis.
1167 4025 1233 4080 lliuc
1253 4033 1327 4098 pulo
1357 4024 1492 4085 evenisse,
1526 4035 1555 4080 ut
1581 4043 1641 4080 curn

350 4105 539 4177 superioribus
565 4109 642 4163 annis
670 4110 788 4165 universi
821 4111 904 4170 lerme
935 4105 984 4185 per
1013 4111 1182 4166 Germaniam
1211 4109 1338 4182 agricolai
1369 4128 1382 4163 a
1413 4110 1469 4164 suis
1497 4110 1642 4165 delicerent

313 4188 437 4250 acheris,
461 4189 593 4269 plebsque
615 4210 663 4266 per
685 4194 784 4249 multas
806 4195 889 4250 urbes
911 4197 1027 4268 agitaret
1055 4196 1252 4253 secessionem,
1287 4193 1338 4248 soli
1369 4195 1564 4266 Argentorates
1595 4185 1642 4249 aiut

347 4290 457 4346 parum,
480 4284 526 4330 aut
549 4276 619 4331 nibil
643 4277 782 4333 turbarum
803 4280 983 4352 perceperint.
1021 4283 1109 4351 btqnc
1133 4286 1162 4333 ut
1185 4277 1250 4333 nibil
1282 4278 1308 4332 in
1338 4279 1386 4333 lrac
1411 4277 1570 4351 republica
1595 4279 1641 4334 de·
1702 4285 1706 4289 “

346 4357 504 4429 syderetur,
532 4359 702 4432 ingeniorum
724 4362 887 4418 lermatores
908 4363 951 4418 bic
974 4370 1036 4418 sunt
1065 4362 1218 4417 clarissimi.
1259 4362 1376 4433 Linguas
1405 4363 1502 4417 docent
1531 4362 1641 4418 lacubus

346 4440 478 4497 Bedrotus
503 4461 618 4515 graecam
641 4453 669 4500 et
696 4445 820 4506 latinam,
854 4446 994 4502 Hebraeam
1016 4446 1170 4500 llunilacius
1195 4444 1339 4518 Volplrart,
1373 4444 1416 4498 lus
1445 4454 1534 4501 autern
1563 4445 1641 4501 uirile

345 4525 461 4581 eximius
482 4528 579 4583 doctor
601 4529 714 4585 loannes
735 4529 846 4586 lacobus
868 4530 975 4591 Kriser,
1006 4547 1108 4585 sacram
1131 4530 1292 4602 scripturam
1315 4529 1469 4601 promiscue
1498 4532 1641 4586 conciona-

312 4623 339 4660 ia
351 4617 425 4664 tores
447 4610 531 4685 aliqui
559 4614 691 4668 cnodaut:
725 4622 801 4670 laceo
832 4615 956 4671 loannem
980 4614 1122 4688 Sapidum,
1153 4613 1266 4668 aruicurrr
1289 4612 1522 4685 syncerissirnum,
1554 4615 1639 4670 rirurn

347 4694 373 4748 in
398 4696 471 4750 omni
493 4697 655 4752 eruditionis
673 4716 774 4770 genere
796 4699 846 4754 iam
866 4717 880 4755 a
897 4698 990 4755 multis
1005 4699 1081 4754 anuis
1103 4697 1236 4758 nobilem,
1259 4706 1287 4752 et
1301 4697 1434 4753 Othonem
1451 4696 1639 4759 Bruulelsium,

416 4875 433 4908 '¹
453 4877 561 4927 Novell.
577 4882 601 4928 1.
621 4877 813 4928 Valentiniani
827 4879 878 4928 ΙΙΙ.
897 4881 941 4928 til.
956 4896 1023 4930 xxrr.
1044 4880 1077 4928 de
1102 4879 1222 4944 sepulcri
1246 4878 1437 4928 violatoribus.
1493 4877 1512 4910 ¹⁸
1536 4879 1637 4929 libera-
1661 4901 1662 4904 ¹

344 4958 409 5025 rios]
429 4962 490 5011 Non
511 4962 680 5011 ‘litterarios’
699 4963 747 5011 sed
772 4963 958 5028 typographos
981 4970 1046 5029 puto
1064 4963 1133 5012 rirlt.
1180 4962 1200 4994 ¹⁷
1219 4978 1303 5012 eausa
1321 4967 1359 5012 sic
1376 4962 1441 5012 Sam.
1489 4960 1511 4993 ²²
1530 4980 1637 5027 gens...

343 5044 429 5111 dedit]
449 5046 617 5096 Invertendn
635 5047 689 5095 fnit
708 5063 759 5096 res.
817 5047 840 5078 ¹⁵
864 5054 912 5096 aut
931 5064 988 5097 sae.
1008 5053 1056 5098 aut
1074 5045 1157 5113 mom]
1178 5047 1278 5096 alludit
1296 5047 1330 5096 nd
1349 5048 1458 5096 Ernsmi
1477 5049 1620 5114 originem.

1353 5131 1419 5192 29*
