4367 6084
451 734 458 748 .
537 679 610 750 290
709 692 909 745 cccxxxln.
929 706 1167 743 scaranensem
1181 706 1325 743 soveuevs
1339 705 1513 741 serenante
1527 705 1662 741 evanum.

466 862 641 926 §.tw-esset?
670 871 811 925 caeterum
833 863 978 924 aduersus
999 865 1089 924 Leum
1119 866 1195 924 nibit
1214 866 1378 923 attulerunt
1397 866 1535 922 momenti
1559 863 1679 920 aemilia
1702 860 1824 918 Germa·

535 972 619 1028 nica:
641 984 708 1027 cum
728 967 891 1026 scriberent
912 969 1004 1026 amici
1017 967 1176 1039 Germani,
1198 970 1244 1025 ret
1264 969 1353 1025 inrito
1373 982 1420 1025 me
1435 967 1597 1023 Germanos
1614 965 1826 1021 dilaceratums

533 1073 640 1144 Laeta,
661 1071 790 1144 prinmm
814 1068 946 1128 dissuasi
951 1090 962 1136 ,·
986 1069 1019 1127 id
1038 1071 1066 1128 si
1085 1074 1144 1127 reon
1162 1085 1278 1143 possem
1295 1069 1438 1138 obtinere,
1461 1068 1604 1125 admonui
1619 1072 1652 1125 ut
1665 1080 1826 1138 arqumeu-

535 1176 572 1233 tis
598 1178 724 1257 aqercnt
745 1172 844 1244 potius
872 1186 960 1244 quam
988 1174 1136 1243 cannitiis,
1167 1173 1341 1245 cumprimis
1368 1181 1466 1229 autem
1495 1175 1698 1243 temperarent
1712 1154 1760 1223 'ab
1779 1168 1828 1222 in-

536 1278 617 1335 iuria
645 1275 755 1347 pentis,
788 1274 868 1349 quod
897 1281 994 1333 tumen
1018 1272 1138 1346 facturn
1167 1290 1226 1333 non
1253 1282 1309 1346 est,
1344 1290 1390 1332 me
1422 1272 1605 1331 uehementer
1636 1269 1851 1344 improbantes

467 1392 534 1441 §.nu
547 1379 699 1449 diatopum
719 1376 862 1435 aduersus
881 1372 972 1435 Leum
994 1379 1139 1450 scriptum
1159 1382 1330 1434 constanter
1351 1392 1390 1434 ac
1413 1382 1558 1449 perpetuo
1580 1374 1742 1439 damnaai;
1766 1376 1832 1444 past

535 1483 681 1553 inqentem
700 1480 893 1553 epistolarum
910 1477 1092 1548 fasciculum
1114 1495 1134 1536 a
1155 1479 1279 1536 diuersis
1297 1477 1424 1536 eruditis
1440 1479 1514 1535 satis
1528 1476 1672 1534 hostiliter
1689 1475 1830 1547 seruitum

535 1585 566 1640 in
580 1582 672 1641 Leum
691 1581 768 1638 adeo
785 1582 898 1655 pressi,
920 1586 953 1639 ut
973 1581 1086 1639 duobus
1110 1589 1223 1638 tantum
1245 1582 1349 1638 amicis
1365 1578 1493 1650 fecerim
1511 1576 1692 1650 inspiciendi
1706 1577 1830 1649 copiam,

536 1685 649 1758 Dorpio
670 1688 700 1741 et
720 1682 821 1752 Mora,
853 1690 882 1740 et
909 1682 1085 1754 quibusdam
1109 1682 1294 1740 hortantibus
1316 1687 1350 1740 ut
1374 1683 1558 1753 comparem,
1591 1678 1737 1754 respondi
1761 1676 1833 1734 mibi

467 1798 535 1847 §.un
550 1787 700 1844 decretum
715 1800 778 1842 esse
792 1785 942 1857 quiescere
962 1786 992 1842 in
1009 1789 1176 1858 posterum,
1198 1785 1226 1841 si
1240 1785 1459 1857 conquiesceret
1474 1783 1560 1842 Leus.
1597 1780 1711 1852 Habes,
1732 1782 1830 1848 lector,
1842 1799 1864 1837 ι
1878 1798 1904 1837 ε

535 1888 635 1947 omnia
656 1886 762 1959 quibus
783 1887 900 1943 animus
914 1885 1038 1944 Hutteni
1055 1892 1175 1959 poterat
1191 1887 1383 1956 eautccrari,
1407 1891 1495 1958 atque
1519 1886 1548 1942 in
1572 1884 1619 1941 bis
1640 1883 1723 1942 tides
1744 1895 1832 1955 quom

536 1990 611 2048 nibil
631 1990 669 2046 sit
689 1988 769 2060 quoa
788 1989 940 2061 culparem
959 1989 1047 2046 etitem
1069 1988 1230 2045 amicitiam
1255 1987 1373 2046 deberet
1394 1986 1543 2045 dirimere.
1582 1987 1672 2044 Venio
1691 2000 1772 2043 nune
1793 1982 1834 2039 ad

536 2091 613 2150 ittud
635 2090 715 2162 quod
736 2090 785 2148 itte
807 2091 870 2148 ordt
889 2106 952 2148 esse
973 2092 1059 2148 totius
1085 2104 1188 2148 causa
1214 2094 1323 2162 eaput:
1356 2091 1387 2146 in
1416 2105 1473 2163 qao
1500 2100 1597 2147 tumen
1623 2103 1682 2146 nan
1712 2084 1836 2159 expedit

458 2272 461 2277 Ι
537 2195 659 2252 nimium
674 2191 804 2266 probari
823 2191 965 2263 Hutteno,
995 2208 1032 2250 ne
1053 2192 1124 2250 dum
1143 2190 1275 2264 Stultum
1294 2190 1396 2264 sapio,
1427 2189 1554 2261 deserar
1579 2193 1609 2248 in
1635 2187 1832 2261 Charybdim:

537 2297 570 2355 id
597 2298 639 2353 ita
663 2295 820 2369 proponit,
853 2296 1003 2353 utstatim
1025 2296 1189 2365 eoniunqat
1209 2293 1388 2366 duopatam
1411 2291 1593 2365 salsissima,
1626 2293 1696 2348 *me
1710 2289 1831 2363 pridem
1844 2311 1884 2349 ι

534 2398 631 2470 fuisse
647 2396 791 2468 factionis
804 2394 1000 2466 Lutbcrauoe,
1023 2412 1103 2453 nnnc
1122 2396 1188 2452 totis
1210 2393 1321 2451 uiribus
1341 2411 1519 2468 oppuqnare
1539 2410 1602 2454 rem
1621 2392 1833 2464 eoanpeticam

539 2515 629 2575 quum
646 2503 793 2587 peqpetuo
813 2500 868 2556 sirn
887 2504 1042 2555 auersatus
1063 2498 1147 2555 ittam
1163 2494 1326 2567 factionem
1343 2513 1398 2554 nac
1415 2513 1546 2571 unquam
1564 2497 1703 2555 desierim
1722 2499 1833 2567 quanta

470 2612 537 2663 §.ns
548 2615 667 2676 possum
686 2601 864 2674 synceritate
876 2598 1042 2672 provenere
1059 2614 1122 2656 rem
1137 2600 1347 2671 eranqeticam.
1383 2597 1434 2657 Sic
1449 2604 1547 2657 auam
1561 2599 1690 2667 assumit,
1714 2596 1834 2668 inaqui-

537 2705 603 2774 ficis
623 2701 741 2775 quidem
763 2700 873 2771 uerbis,
896 2700 951 2757 sed
967 2714 1077 2773 parum
1095 2700 1254 2774 pudenter.
1297 2698 1394 2770 ‘Ouid'
1417 2703 1513 2773 inquit
1533 2701 1661 2758 ‘tandem
1682 2716 1746 2757 csse
1761 2712 1835 2771 pos-

540 2806 601 2875 ‘sit,
633 2819 689 2861 cur
711 2808 742 2859 tu
764 2802 816 2874 qni
833 2799 999 2860 Romanum
1023 2801 1191 2872 Pontificem
1214 2818 1312 2875 nuper
1333 2803 1363 2860 in
1384 2803 1519 2860 ordinem
1546 2802 1705 2874 rcdiqebas
1734 2799 1903 2858 uobis-2

540 2910 630 2975 ‘cum,
663 2906 759 2978 ipsam
788 2902 913 2960 Romam
938 2904 1082 2961 scelerum
1110 2919 1147 2961 ae
1174 2904 1370 2976 improbitatis
1396 2907 1544 2963 sentinam
1574 2896 1691 2962 uindice
1718 2904 1835 2961 calamo

539 3006 741 3079 increpabas,
764 3005 861 3063 buttas
876 3021 914 3065 ac
926 3005 1128 3078 indutqentias
1142 3004 1351 3075 detestabaris,
1367 3008 1551 3065 ceremonias
1565 3005 1742 3075 damnabas,
1759 3020 1834 3062 cur-

499 3101 500 3104 ’
541 3110 704 3166 ‘tisanicam
727 3106 882 3179 exipebas‚
919 3109 964 3165 ius
994 3110 1170 3167 canonicam
1201 3115 1231 3164 et
1259 3109 1431 3181 pontificum
1456 3110 1532 3167 scitu
1559 3105 1770 3174 cremaberis,
1803 3106 1833 3161 iu

541 3215 679 3283 summu,
701 3211 870 3268 uniuersam
889 3210 968 3267 iltius
985 3216 1077 3268 status
1098 3210 1277 3283 hypocrisim
1295 3212 1476 3268 seuerissime
1491 3209 1693 3283 prostiqabas‚
1715 3209 1743 3266 is
1756 3222 1835 3265 uerae

469 3328 538 3377 sarr.
551 3317 640 3371 ‘retro
655 3319 739 3370 actus
752 3312 907 3370 contraria
922 3314 1058 3384 sequaris
1075 3319 1105 3369 et
1122 3327 1187 3369 cum
1210 3311 1309 3369 bostiti
1325 3319 1416 3386 parte
1436 3315 1602 3371 societatem
1621 3305 1741 3369 ineas’?
1760 3320 1894 3366 rur-2⁵

540 3430 605 3472 sum
626 3414 699 3473 alibi
720 3413 789 3483 ‘Oui
808 3415 953 3487 sepultam
971 3415 1114 3487 pietatem
1135 3410 1321 3485 refodiebas,
1344 3416 1531 3487 eoanqetium
1552 3431 1569 3472 e
1589 3413 1714 3472 latebris
1733 3413 1764 3469 in
1785 3413 1835 3468 tu-

540 3521 610 3575 ‘cem
625 3515 803 3585 reducebas,
824 3515 914 3584 fidem
936 3520 966 3573 et
985 3516 1157 3588 reliqionem
1179 3516 1385 3587 instaurabas,
1409 3518 1434 3574 ts
1453 3533 1534 3576 nurtc
1555 3516 1599 3574 ad
1615 3515 1741 3574 eandem
1760 3528 1835 3571 cou-

539 3618 741 3688 ‘cutcandum,
764 3617 953 3687 eiciendum,
975 3617 1223 3690 prosternendum
1240 3623 1270 3675 ct
1288 3618 1515 3676 interimendum
1529 3634 1651 3692 operam
1666 3612 1834 3692 profiteris?

539 3720 652 3777 Eamus
677 3734 758 3776 reunc
784 3725 814 3775 et
834 3718 970 3777 dicamus
996 3719 1066 3777 buie
1087 3721 1276 3777 criminatori
1303 3737 1366 3778 esse
1392 3720 1510 3793 aliquid
1531 3715 1664 3791 frontis!
1696 3720 1776 3777 bunc
1804 3719 1832 3774 in

538 3822 656 3879 modum
676 3834 779 3878 causae
798 3835 943 3878 summam
960 3823 1103 3894 proponit
1122 3821 1284 3892 Hattenus,
1307 3826 1336 3879 et
1355 3820 1435 3894 quod
1452 3824 1541 3880 senui
1562 3824 1735 3895 assumpsit,
1762 3819 1865 3877 sub-n

539 3922 608 3980 inde
635 3919 730 3979 uerbis
757 3922 826 3979 aliis
856 3927 945 3994 atque
972 3922 1041 3979 aliis
1073 3923 1206 3981 inculcat
1230 3929 1259 3981 ct
1282 3931 1464 3996 cinquant,
1497 3926 1588 3998 quasi
1618 3924 1699 3996 quod
1720 3939 1780 3996 per
1806 3937 1835 3977 sc

538 4037 647 4081 vantem
665 4028 720 4092 est,
743 4024 854 4096 seepius
875 4022 1074 4080 asseverando
1092 4025 1148 4092 liat
1167 4040 1277 4083 oerum.
1311 4031 1399 4097 atque
1417 4026 1467 4085 bic
1484 4026 1611 4100 expedit
1629 4041 1743 4083 omnem
1762 4038 1834 4081 ora-

538 4125 624 4182 tionis
644 4124 775 4197 copiam,
798 4138 911 4182 omnem
929 4126 985 4199 uim
1005 4141 1043 4184 ac
1060 4125 1280 4185 vehementiam.
1318 4127 1369 4185 irbi
1377 4127 1610 4199 suntdamcntum
1626 4129 1713 4185 totius
1728 4126 1834 4184 dictio·

538 4228 585 4285 nis
601 4228 692 4284 inane
712 4233 757 4285 est
777 4241 815 4285 ac
833 4224 993 4299 fricatum,
1016 4205 1190 4301 quo⁵maqis
1208 4231 1341 4287 oratione
1358 4230 1556 4299 tumultuaris,
1576 4228 1632 4287 boc
1650 4229 1747 4300 maqis
1759 4243 1833 4301 per-

538 4329 585 4387 dis
607 4344 715 4402 aquam
736 4334 767 4387 et
785 4344 927 4403 operam,·
959 4346 1054 4403 neque
1075 4333 1153 4389 enim
1176 4331 1225 4389 bie
1245 4331 1314 4389 ticet
1334 4333 1365 4388 in
1387 4348 1480 4390 causa
1501 4333 1581 4390 seria
1602 4330 1684 4404 quod
1708 4332 1739 4387 in
1759 4329 1859 4400 fictiss

539 4433 627 4489 etiam
647 4434 853 4491 controversiis
871 4434 942 4504 fieri
959 4435 1075 4492 solitum
1093 4433 1288 4508 reprebendit
1310 4432 1523 4504 Quintilianus,
1549 4440 1582 4490 ut
1607 4433 1674 4505 quis
1701 4448 1755 4490 suo
1781 4446 1833 4488 ar-

471 4545 538 4595 san.
551 4534 660 4594 bitratu
676 4537 773 4607 finqat
794 4537 844 4594 cui
861 4535 1048 4608 respondeat.
1092 4534 1173 4594 Mem
1188 4552 1220 4594 se
1240 4541 1355 4610 torquet
1372 4536 1441 4594 dum
1456 4534 1600 4610 eapendit
1616 4528 1723 4608 quibus
1741 4532 1835 4592 causis

610 4766 632 4800 ¹²
649 4770 762 4834 Expost.
776 4772 800 4832 ξ.
816 4770 872 4820 144.
887 4786 946 4836 sqq.
1016 4770 1037 4803 ¹⁹
1055 4769 1154 4837 inquit]
1178 4773 1291 4837 Expost.
1310 4772 1334 4832 ξ.
1348 4770 1389 4822 33.
1459 4769 1482 4803 ²⁶
1501 4767 1578 4835 alibi]
1608 4766 1834 4835 Expost.§.150.

542 4851 563 4885 ²⁹
580 4854 680 4903 Mirum
704 4858 747 4903 eet
770 4859 891 4905 astatum
914 4857 1057 4906 Erasmum
1085 4872 1140 4906 non
1164 4857 1368 4923 persentiscere
1393 4861 1496 4921 quanto
1518 4856 1547 4903 in
1570 4855 1722 4921 Spongiam
1747 4855 1835 4921 potius

504 4969 505 4973 =
542 4954 622 5001 quam
641 4939 669 4986 in
687 4939 945 5002 Expostulntionem
964 4941 1100 5005 quadrent
1119 4957 1178 5005 quse
1196 4944 1271 5006 ipse,
1292 4942 1371 5006 quasi
1391 4956 1483 4990 coram
1501 4941 1595 5005 pueris
1614 4940 1774 4990 erudiendis
1792 4939 1834 4987 do-

540 5023 655 5070 cendum
674 5022 728 5071 sibi
748 5028 835 5083 esset,
856 5026 994 5094 proponit.
1048 5024 1070 5056 ³⁰
1089 5023 1216 5089 Quintil.]
1236 5027 1305 5076 Inst.
1319 5042 1356 5075 or.
1371 5026 1434 5076 XII.
1451 5024 1473 5072 1.
