4367 6084
604 715 652 786 70
761 731 869 782 CCLII.
882 747 946 781 zon.
960 747 1040 782 ussat
1054 746 1090 783 An
1103 747 1186 783 uvis.
1200 748 1438 785 ssxuonmmuvn
1452 750 1503 785 eno
1517 750 1656 786 nvrnano.
1679 742 1738 787 1³21.

757 903 891 977 b'nnique
910 913 958 961 tuo
979 906 1090 978 quoties
1112 921 1188 963 auro
1210 906 1263 964 tibi
1280 907 1392 964 domna
1414 910 1559 978 tulerunt,

705 1025 730 1064 sn
822 1004 862 1063 Tu
883 1006 988 1063 deterrui
1005 1022 1111 1064 neruos
1132 1008 1162 1064 in
1185 1013 1236 1065 tuo
1256 1008 1387 1066 membra
1409 1010 1513 1068 dabas.

757 1107 818 1166 Sed
838 1086 893 1166 udo
914 1124 987 1182 opus
1009 1115 1134 1166 ueterem
1153 1108 1217 1179 suit
1237 1110 1287 1168 bic
1305 1126 1450 1168 renovare
1470 1115 1639 1186 quarelam,

817 1209 922 1268 Tecum
944 1215 1042 1284 empto
1059 1209 1124 1281 suit
1138 1210 1263 1284 sabula,
1287 1219 1385 1269 noster
1405 1229 1502 1284 eques.

759 1313 940 1371 Germanum
963 1327 1067 1369 nomen
1089 1313 1312 1387 libertatemque
1331 1315 1473 1372 iacentem

703 1434 728 1473 se
813 1414 919 1487 Erine,
942 1415 986 1471 od
1005 1415 1061 1473 boe
1078 1413 1205 1486 sueinus
1224 1420 1251 1473 te
1269 1421 1321 1473 tna
1338 1415 1409 1487 sata
1428 1423 1547 1475 uocant:

742 1516 856 1597 ¹Addet
877 1517 1054 1589 imauinibus
1076 1519 1198 1575 multum
1219 1533 1268 1575 res
1290 1519 1347 1575 isto
1369 1526 1484 1575 tuomtm

814 1618 947 1677 Luminis
968 1626 996 1677 et
1017 1626 1144 1677 oestrum
1167 1635 1272 1677 nomen
1293 1620 1338 1676 od
1356 1626 1440 1677 ostra
1457 1617 1556 1690 seret,-

760 1720 897 1790 Quamuis
918 1738 998 1780 nane
1018 1723 1106 1779 etiam
1129 1723 1245 1779 clarum
1267 1721 1359 1778 decus
1377 1720 1589 1793 Huttenornm,

610 1894 613 1897 Α
703 1841 728 1880 so
817 1821 856 1880 Te
881 1822 957 1881 duee
978 1824 1038 1880 iam
1060 1825 1149 1881 terris
1168 1824 1316 1880 arduioru
1336 1825 1431 1881 colat:

757 1923 821 1982 Hoc
841 1931 939 1983 tomen
960 1924 1106 1983 obstantes
1128 1925 1299 1983 instructior
1322 1924 1376 1982 ibis
1397 1925 1428 1981 in
1450 1923 1559 1995 bostes,

814 2025 974 2085 Materiam
994 2042 1098 2085 nomen
1120 2043 1210 2099 soepe·
1222 2027 1334 2084 timoris
1356 2025 1452 2083 babet.

758 2127 808 2185 Sis
826 2127 915 2198 serus
937 2128 1084 2186 Ausonias
1103 2127 1192 2200 samo
1214 2128 1309 2200 quatit
1330 2126 1484 2184 Hannibal
1505 2127 1605 2197 urbes,
1701 2170 1704 2174 .

703 2249 727 2288 m
813 2232 863 2288 Sic
885 2229 983 2287 Troire
1002 2228 1112 2299 saeros
1133 2235 1276 2303 oriantus,
1301 2228 1429 2303 Acbitle,
1452 2224 1560 2285 timor?

758 2331 809 2390 Sic
828 2333 872 2389 od
890 2331 1063 2389 Alexandri
1081 2333 1241 2388 timuerunt
1263 2330 1383 2387 aomina
1403 2337 1519 2401 aetites,

814 2433 937 2491 Nomine
955 2435 999 2492 sie
1019 2435 1106 2490 etiam
1129 2432 1228 2506 Scipio
1245 2430 1336 2502 sortis
1356 2437 1431 2514 erat.

762 2533 800 2593 Te
821 2551 949 2608 neroque,
971 2551 1008 2592 ne
1029 2535 1146 2606 dubita,
1168 2535 1226 2591 iam
1249 2549 1329 2590 nenne
1350 2533 1429 2589 timet
1452 2534 1509 2589 ista
1530 2536 1677 2591 malorum

703 2655 727 2694 ss
815 2636 975 2702 Collunies,·
998 2636 1112 2709 draptes
1132 2650 1239 2695 cerussa
1262 2635 1374 2692 timoris
1396 2641 1478 2691 erat:

757 2735 871 2793 Martio
888 2745 1059 2810 pannonias
1080 2722 1255 2794 animabant
1271 2751 1358 2793 arma
1381 2734 1544 2805 Comana,

812 2838 872 2897 Neo
894 2840 990 2897 minius
1012 2839 1070 2896 bem
1091 2840 1144 2896 itia
1163 2844 1253 2912 porte
1272 2836 1418 2895 timendus
1436 2853 1515 2894 eros.

757 2939 872 3012 Aspicis
894 2948 925 2998 ut
946 2955 1054 3014 manno
1076 2940 1129 2998 tibi
1148 2955 1227 2997 ritino
1246 2939 1418 3013 adplaudat
1439 2939 1564 3012 bonore,

596 3084 606 3094 ,.
702 3060 727 3097 n
813 3042 884 3099 Cum
905 3044 1004 3116 piabit
1025 3044 1121 3099 uultus
1139 3042 1244 3114 patria
1264 3046 1356 3112 urata
1378 3048 1458 3097 tuos:

691 3212 695 3217 .
722 3209 726 3218 ,
755 3142 894 3200 Fortibus
916 3143 1062 3201 Hattenus
1084 3149 1143 3201 stat
1163 3142 1390 3214 conspiciendus
1411 3144 1442 3199 in
1464 3142 1575 3205 armis:
1666 3196 1673 3210 ,

812 3244 866 3302 Est
886 3247 974 3303 etiam
996 3246 1077 3303 stultu
1095 3246 1180 3318 nicta
1203 3243 1312 3302 tabella
1334 3245 1456 3301 minax:

757 3347 840 3405 Atrde
862 3348 968 3419 initur,
989 3363 1132 3418 nemorose
1154 3347 1262 3417 animi,
1284 3360 1369 3418 quern
1391 3345 1539 3417 sortieris
1558 3343 1668 3402 bostem

700 3465 725 3505 m
818 3448 957 3517 Vincere,
980 3465 1035 3506 neo
1055 3446 1148 3518 differ
1172 3449 1287 3520 tonoius
1306 3446 1383 3504 iliud
1404 3461 1488 3519 opus.

755 3548 891 3606 Muneris
912 3550 981 3620 boe,
1003 3549 1077 3606 mibi
1093 3549 1200 3619 erede,
1222 3551 1266 3606 tui
1285 3554 1342 3618 est,
1366 3563 1421 3605 nee
1445 3546 1565 3618 dionius
1584 3548 1679 3604 altum

815 3648 854 3707 Te
872 3648 949 3719 suit,
971 3649 1027 3706 boe
1048 3649 1135 3706 debes
1157 3651 1244 3714 nette,
1265 3649 1412 3722 probare,
1434 3648 1525 3719 sequi.

755 3750 878 3807 Grande
899 3749 1099 3806 rudimentum
1122 3750 1182 3806 iam
1205 3751 1332 3819 dudam,
1358 3748 1499 3818 Huttene,
1522 3748 1644 3820 dedisti,

700 3868 725 3908 so
812 3850 872 3909 Nec
892 3852 955 3908 lene
972 3866 1029 3923 pro
1047 3849 1161 3920 fratris
1184 3853 1304 3908 intinere
1321 3850 1439 3922 fulmen
1462 3866 1547 3921 eras,

753 3949 817 4009 Scit
837 3953 910 4009 sotis
931 3952 985 4010 itta
1006 3951 1059 4008 tibi
1078 3953 1259 4023 connominis
1280 3953 1339 4009 iota
1364 3953 1510 4026 tyrannis.

810 4054 874 4111 Seis
890 4055 1005 4127 patriae
1026 4071 1112 4126 reyes
1130 4049 1266 4128 pellere?
1284 4055 1363 4127 pelle
1381 4054 1490 4111 Italos:

755 4154 882 4223 (inarum
905 4155 979 4227 auid
1000 4157 1134 4229 patimur
1154 4170 1279 4228 reanum
1300 4155 1423 4213 crudete
1446 4161 1485 4213 tot
1508 4149 1626 4212 annos?

699 4274 722 4313 ss
810 4255 938 4314 Romula
961 4258 1124 4316 Germanos
1146 4257 1220 4331 quid
1238 4264 1324 4314 uorat
1343 4258 1416 4314 aula
1437 4251 1542 4314 iores?

753 4356 846 4431 nequ
867 4360 980 4417 utinam
1005 4376 1061 4417 non
1084 4358 1129 4417 ad
1149 4361 1243 4416 binim
1264 4357 1422 4430 deoiubere
1441 4364 1585 4430 perorent,

812 4460 891 4530 (iiius
910 4462 1035 4535 placide
1058 4461 1192 4519 Cbristus
1213 4475 1341 4534 poscere
1362 4459 1460 4529 iussit,
1481 4474 1565 4526 ones,-

600 4594 756 4604 ——ae-›-
768 4596 803 4602 --

667 4711 688 4741 θ’
708 4714 796 4762 eciam
815 4719 840 4763 2.
894 4712 1084 4763 65Αἰιυυιηιὶιῆ
1103 4716 1128 4761 2.
1170 4713 1192 4742 ⁶⁹
1206 4712 1369 4761 animabant
1382 4713 1455 4760 2...5.
1501 4709 1519 4740 ⁷¹
1534 4711 1664 4776 Adspicis
1678 4717 1707 4759 et
1720 4718 1826 4775 quanto
1840 4719 1858 4761 t.

599 4796 672 4861 appi.
694 4800 753 4845 2.-3.
806 4798 828 4830 ⁷²
847 4799 883 4847 ut
902 4799 1000 4862 pingat
1019 4814 1043 4847 v.
1058 4815 1084 4862 p.
1099 4804 1193 4847 nostra
1212 4801 1285 4846 2...⁵.
1339 4798 1436 4846 Attudit
1449 4797 1485 4844 ad
1497 4797 1606 4845 Hatteni
1621 4797 1739 4858 effigiem,
1762 4802 1844 4860 quatis

598 4889 657 4929 erute
675 4887 713 4930 oet
730 4889 788 4945 post
808 4886 938 4931 ririrrnaltns
956 4885 1036 4946 ipsius
1053 4883 1140 4931 libros.
1194 4882 1217 4913 ⁸⁰
1229 4879 1335 4945 fratris]
1350 4880 1479 4945 adgnati,
1494 4881 1607 4931 Ioannis
1619 4881 1739 4930 Hntteni
1754 4881 1790 4930 ab
1804 4879 1859 4931 Ulri

598 4965 667 5014 (luce
686 4967 781 5015 occisi.
868 4965 888 4997 ⁸¹
912 4969 1008 5015 Versus
1025 4966 1067 5015 81.
1083 4966 1124 5014 82.
1143 4970 1206 5015 neate
1229 4972 1364 5016 omiserunt
1382 4966 1454 5014 2...5.
1478 4966 1527 5014 sed
1550 4968 1574 5013 in
1599 4966 1686 5014 adnot.
1712 4967 1785 5015 dedit
1809 4982 1854 5016 eos

598 5048 620 5078 θ’
638 5050 739 5099 Horum
758 5051 829 5098 2....5.
888 5048 909 5080 ⁸⁵
928 5050 962 5099 nd
981 5050 1068 5099 rivum
1087 5049 1112 5097 d.
1135 5053 1160 5096 5.
