4367 6084
533 752 733 804 CCCXXXIII.
749 769 869 805 sponsis
883 769 987 804 susum
999 769 1145 806 snvnusvs
1157 769 1332 804 ssssncsnss
1346 770 1479 805 nvssnss.
1552 819 1564 845 ι
1579 742 1654 812 295

350 928 380 984 si
404 925 535 985 scribam
563 925 707 985 aduersus
732 925 910 999 lutberum,
940 934 1029 1001 atque
1056 925 1114 985 bue
1136 941 1182 984 me
1207 927 1353 986 hortatur.
1395 926 1456 986 Cur
1483 930 1575 1001 ipitur
1598 930 1654 990 boc

350 1034 488 1101 apentem
508 1028 616 1086 talibus
630 1031 760 1102 epistolis
779 1025 972 1102 interpellat?
993 1030 1250 1101 terpiaersaiorem
1267 1046 1313 1088 me
1331 1039 1429 1101 nroeat,
1452 1030 1534 1102 quod
1550 1025 1653 1091 uarius

349 1133 407 1188 sim
423 1132 454 1188 in
467 1131 613 1204 epistolis:
635 1145 675 1188 an
695 1146 742 1188 me
760 1134 845 1190 uellet
863 1131 968 1189 eadem
990 1131 1034 1189 ad
1054 1146 1154 1190 omnes
1175 1130 1319 1200 scribere,
1342 1132 1420 1188 uelut
1438 1132 1564 1190 eundem
1583 1137 1652 1191 eal-

349 1248 436 1292 ceum
463 1234 557 1291 cuiuis
576 1232 654 1305 pedi
681 1233 854 1304 addentem,
886 1236 1055 1307 prasertim
1077 1249 1167 1308 quum
1189 1233 1234 1290 ad
1250 1248 1449 1306 personarum
1477 1236 1649 1293 uarietatem

330 1333 482 1392 succedat
497 1338 526 1392 et
542 1350 644 1392 rerum
658 1339 688 1392 et
705 1340 868 1410 temporum
886 1331 1064 1394 diuersitas?
1085 1335 1124 1393 In
1142 1338 1197 1394 tali
1213 1350 1282 1394 uero
1301 1334 1439 1405 dissidia,
1462 1337 1493 1393 in
1509 1342 1569 1394 tam
1588 1337 1639 1395 di·
1651 1349 1719 1399 §aon

352 1438 445 1494 uersis
464 1436 570 1494 studiis
591 1439 644 1510 qui
664 1439 755 1495 uitari
770 1443 866 1511 potest
885 1439 956 1509 auin
976 1437 1091 1511 oblique
1112 1438 1227 1496 scribas
1250 1432 1413 1510 quadam?
1444 1436 1530 1497 Ilicet
1553 1447 1650 1512 prce-

350 1540 467 1597 stiterat
484 1534 602 1597 tacere’.
652 1538 771 1596 Utinam
793 1539 888 1598 istbue
908 1539 982 1596 mibi
1001 1541 1110 1607 liceat,·
1140 1541 1195 1597 sed
1208 1555 1348 1613 premar,
1378 1554 1500 1612 arpeor,
1530 1540 1649 1611 obruar,

351 1647 384 1698 ut
405 1655 523 1698 necesse
539 1642 578 1699 sit
599 1656 619 1697 a
640 1656 686 1698 me
715 1640 864 1714 depellere
891 1641 1043 1699 inuidiam.
1088 1642 1202 1699 Paulus
1229 1642 1340 1714 quoties
1367 1647 1461 1699 mutat
1486 1644 1649 1701 orationem

351 1757 452 1812 uram,
474 1758 555 1800 nune
578 1742 747 1811 blandiens,
777 1758 857 1800 nune
878 1742 1054 1814 obiurpans,
1089 1760 1170 1801 nilne
1190 1740 1363 1812 obsecrans,
1399 1759 1478 1801 nune
1498 1745 1647 1815 minitans,

319 1845 448 1901 wmulta
469 1839 681 1902 dissimulans?
712 1858 770 1902 non
798 1846 830 1901 in
859 1843 914 1902 boc
939 1849 983 1902 est
1007 1846 1222 1915 inconstantia,
1254 1845 1309 1903 sed
1336 1847 1367 1903 in
1398 1860 1487 1918 scopo
1519 1847 1572 1919 qui
1602 1847 1650 1905 illi

350 1961 469 2019 semper
501 1946 578 2003 idem
609 1952 665 2017 est,
705 1951 853 2019 uteunque
883 1952 978 2004 mutat
1007 1962 1104 2005 uocem
1144 1952 1198 2004 aut
1228 1948 1347 2004 uultum.
1403 1945 1516 2005 Iloeeat
1549 1949 1715 2021 puis-§.son

350 2062 441 2120 quarn
467 2063 514 2105 me
541 2053 669 2106 mutasse
694 2049 870 2119 institutum,
902 2054 931 2106 et
956 2047 1075 2106 obiiciat
1100 2049 1344 2107 inconstantiam:
1377 2064 1477 2106 aerum
1505 2051 1572 2122 ipsa
1598 2066 1648 2108 res

350 2149 467 2206 indicat
492 2164 538 2206 me
558 2154 704 2222 perpetuo
735 2149 790 2208 boe
814 2166 906 2221 apere
934 2150 1015 2223 quod
1042 2152 1111 2208 alim
1141 2151 1270 2208 institui:
1296 2151 1430 2224 prouebo
1457 2151 1549 2210 bonas
1578 2153 1647 2210 lite·
1741 2164 1745 2170 ·

349 2266 417 2322 ras,
450 2266 489 2308 ae
518 2252 718 2324 synceriorem
751 2255 780 2309 et
811 2252 1018 2325 simpliciorem
1047 2253 1131 2310 illam
1161 2251 1336 2325 tbeolopiam
1364 2268 1426 2326 pro
1456 2253 1568 2310 uiribus
1596 2257 1646 2311 in-

318 2358 467 2423 ¹⁶stauro,
500 2351 590 2425 idque
616 2354 718 2426 quoad
743 2355 839 2411 uiuam
863 2352 1006 2425 facturus
1033 2371 1112 2425 sum,
1138 2356 1198 2412 siae
1225 2356 1322 2413 amico
1347 2356 1408 2412 siue
1435 2340 1553 2413 inimico
1578 2353 1645 2412 Lu-

348 2455 446 2523 thero,
470 2469 556 2527 quem
580 2469 634 2526 epo
649 2470 711 2528 pro
732 2454 848 2513 bomine
868 2454 963 2514 babeo
982 2462 1011 2513 et
1030 2462 1107 2529 puta
1124 2455 1201 2528 salli
1218 2472 1304 2531 posse
1325 2462 1354 2514 et
1370 2455 1501 2528 fallere:
1530 2455 1644 2515 Lutbe-

348 2572 401 2614 rus
421 2571 489 2614 cum
511 2557 628 2614 eoeteris
647 2556 792 2629 transibit,
816 2555 948 2615 Carisius
975 2564 1075 2616 manet
1096 2560 1126 2615 in
1149 2565 1303 2618 aternum.
1355 2557 1467 2629 (luodsi
1485 2556 1634 2616 lutberus
1646 2563 1712 2614 §.²⁰³-

347 2654 456 2732 spiritu
480 2657 591 2716 Christi
615 2658 750 2729 ducitur,
774 2673 887 2741 precor
915 2664 949 2718 ut
970 2658 1104 2717 Cbristus
1130 2659 1202 2718 bene
1227 2660 1363 2733 sartunet
1383 2661 1464 2734 quod
1490 2663 1568 2732 uait,
1599 2663 1645 2719 sin

347 2762 459 2831 minus,
481 2761 601 2818 miseret
619 2775 665 2818 me
685 2760 815 2833 publicae
829 2758 1019 2819 calamitatis.
1064 2759 1226 2834 Mapnitice
1242 2779 1310 2822 uero
1327 2764 1364 2822 de
1378 2765 1532 2836 utriusque
1546 2765 1646 2822 animo

313 2869 338 2910 ²⁰
342 2862 529 2936 pronunciat
549 2861 695 2922 Huttenus
702 2883 712 2918 .·
738 2865 784 2921 ait
804 2879 850 2921 me
870 2861 999 2921 Lutbero
1019 2879 1059 2920 ee
1079 2866 1178 2921 auimo
1200 2865 1323 2923 eborum
1345 2881 1423 2936 esse,
1452 2880 1518 2922 cum
1538 2881 1592 2937 epo
1614 2866 1644 2923 in

346 2966 428 3023 illum
447 2966 547 3021 animo
566 2966 621 3022 sim
642 2965 831 3038 iniquissimo.
880 2963 904 3023 0
924 2981 970 3022 me
987 2964 1133 3024 bominem
1152 2967 1318 3038 inprotum,
1342 2949 1393 3039 qui
1412 2982 1470 3024 nou
1492 2967 1644 3025 redamem

346 3061 515 3128 amantem!
537 3065 574 3123 de
596 3068 694 3124 animo
712 3065 835 3125 lutberi
855 3068 885 3123 in
907 3083 953 3124 me
973 3067 1048 3125 nibil
1069 3066 1119 3125 bie
1140 3068 1310 3141 disputabo,
1333 3084 1387 3126 nee
1407 3068 1555 3127 causabor
1575 3071 1644 3142 epi-

345 3171 436 3227 stolas
457 3183 533 3240 quos
550 3167 587 3225 de
608 3183 654 3225 me
671 3169 791 3241 scripsit
811 3169 874 3226 suis
897 3170 1001 3227 amieis
1021 3184 1079 3226 nan
1102 3168 1263 3227 admodum
1278 3171 1388 3227 amice:
1408 3171 1439 3227 ia
1454 3172 1510 3227 tali
1523 3171 1644 3241 nepaeio

346 3286 404 3328 non
426 3279 469 3328 est
489 3269 670 3342 spectandus
684 3268 810 3340 affectus
828 3271 980 3343 priuatus,
1002 3286 1098 3342 neque
1115 3269 1214 3342 refert
1231 3286 1319 3342 quam
1339 3272 1496 3328 conueniat
1516 3270 1643 3327 Erasmo

311 3380 413 3431 ²⁵eum
434 3370 579 3441 lutbcro,
607 3370 662 3430 sed
687 3386 776 3444 quam
797 3373 954 3429 conueniat
978 3371 1151 3446 reipublice
1173 3366 1353 3429 Christiana
1378 3387 1445 3429 eum
1467 3372 1640 3444 euanpeliea

345 3475 492 3532 doctrina.
537 3469 678 3543 *Onodsi
702 3475 847 3531 rationem
875 3472 1014 3531 haberem
1044 3477 1231 3547 priuatorum
1260 3473 1524 3544 incommodorum,
1557 3474 1711 3531 nuntiis-20⁴.

345 3578 442 3650 mapis
463 3574 621 3648 iudipnari
640 3575 779 3633 debebam
801 3590 889 3647 uuam
910 3574 1040 3635 Lutbero
1067 3579 1120 3649 qui
1145 3591 1191 3634 me
1212 3591 1349 3648 meosque
1366 3575 1457 3635 libros
1479 3579 1562 3632 tanta
1585 3575 1643 3632 de-

341 3679 483 3752 pravavit
500 3676 628 3748 inuidia,
656 3678 764 3750 quique
785 3676 860 3735 mibi
877 3692 977 3735 omnes
995 3677 1095 3750 ferme
1115 3679 1262 3736 amicitias
1281 3679 1327 3736 ael
1348 3677 1478 3752 disrupit
1498 3679 1543 3736 uel
1564 3679 1643 3735 malo

341 3772 492 3853 sarmento
514 3779 637 3849 uitiauit,
665 3794 720 3837 nee
746 3795 857 3852 parum
881 3782 981 3838 attulit
1001 3779 1178 3839 incommodi
1198 3781 1279 3839 bonis
1300 3781 1395 3839 literis
1416 3796 1436 3836 a
1458 3796 1504 3837 me
1525 3794 1642 3853 semper

311 3883 493 3956 todesensis
519 3889 579 3940 tum
602 3883 718 3940 uetitstis
738 3881 890 3940 autoribus
912 3898 1036 3954 quorum
1057 3884 1245 3942 autoritatem
1270 3885 1424 3941 restituere
1445 3897 1544 3940 carcer.
1589 3881 1644 3940 sed

342 3984 486 4059 quiequid
504 3990 548 4042 est
565 3984 741 4056 bumanum,
760 3960 992 4058 posthabendum
1015 3993 1073 4057 est,
1096 3987 1147 4044 ubi
1166 3987 1268 4059 apitur
1280 3962 1325 4044 'de
1343 3987 1443 4057 aleria
1459 3983 1569 4042 Cbristi
1585 3983 1642 4041 de-

342 4104 399 4159 que
422 4088 601 4160 synceritate
621 4086 696 4157 fidei
712 4085 881 4158 calbolicce,
908 4088 960 4144 cui
986 4089 1099 4146 utinam
1118 4088 1268 4147 Lutlterus
1289 4091 1335 4146 uel
1356 4088 1450 4160 quiuis
1471 4088 1549 4145 alius
1566 4102 1641 4144 con-

341 4190 480 4247 suluisset
492 4192 522 4246 et
534 4187 676 4246 librorum
691 4203 821 4246 anorum
838 4197 867 4244 ct
877 4187 1070 4260 fortunarum
1087 4191 1216 4248 omnium
1231 4200 1261 4249 et
1280 4190 1367 4248 buius
1386 4189 1512 4260 deniqne
1533 4190 1641 4261 eapitis

341 4293 470 4348 iactura.
495 4289 639 4348 caerem
655 4288 734 4348 rende
748 4291 828 4348 nouit
842 4288 989 4347 melenus
1006 4289 1079 4361 quid
1092 4291 1186 4348 animi
1198 4289 1308 4348 babeat
1319 4289 1466 4348 Lutberus
1478 4304 1553 4361 erpa
1564 4287 1630 4348 me?
1641 4296 1709 4344 §.mn

307 4391 395 4450 ³⁵Sie
411 4398 561 4466 compater
581 4391 727 4464 quispiam
752 4393 799 4449 iili
821 4392 934 4459 retulit,
957 4398 987 4447 et
1013 4392 1063 4448 ille
1084 4392 1201 4449 audiuit
1224 4408 1264 4448 ex
1293 4393 1366 4462 alio,
1394 4406 1500 4448 rursus
1528 4392 1578 4448 ille
1599 4407 1640 4447 ea

341 4494 418 4561 alio‚·
433 4501 522 4565 atque
537 4493 579 4549 ito
595 4508 652 4565 per
667 4493 771 4564 uipiati
787 4490 959 4563 transfusus
975 4507 1079 4550 rumor
1096 4493 1139 4550 ad
1155 4494 1250 4566 ipsum
1271 4494 1421 4566 peruenit:
1440 4506 1481 4548 ex
1498 4490 1544 4548 bis
1564 4507 1639 4549 eon-

339 4596 415 4653 texit
427 4594 549 4652 libellos.
593 4593 692 4652 Nibilo
709 4596 780 4668 plus
799 4595 879 4652 nouit
891 4607 948 4665 ereo
965 4594 1064 4650 animo
1081 4608 1136 4665 epo
1154 4596 1208 4650 sim
1227 4595 1257 4650 in
1271 4592 1451 4651 lutherum:
1474 4592 1537 4650 ‘sed
1551 4608 1630 4651 non-
1642 4603 1708 4652 troo.

406 4826 531 4893 ‘vocnt]
551 4830 665 4894 Expost.
678 4830 702 4890 §-
719 4828 775 4879 123.
822 4827 833 4859 ³
853 4824 960 4892 cadens]
980 4827 1060 4891 quusi
1079 4841 1133 4876 non
1152 4825 1344 4877 diversissima
1363 4827 1422 4876 sine
1442 4827 1528 4876 animi
1547 4827 1639 4876 incon-

338 4916 460 4977 stantia,
486 4914 547 4963 sinc
567 4913 713 4964 calumniis
732 4918 760 4963 ot
779 4912 985 4962 noluistionibus
1009 4911 1095 4960 scribi
1114 4916 1235 4977 possent.
1306 4911 1328 4943 '⁰
1347 4909 1401 4980 nit]
1418 4910 1639 4977 Expost.§.²(ii.

338 5000 363 5032 ³⁰
381 5015 495 5064 qusnsm
510 5002 533 5047 1.
547 5016 604 5064 sqq.
656 4997 679 5030 ³⁶
698 4995 846 5063 compotus]
865 5000 908 5047 De
928 4999 992 5046 vino
1012 4996 1092 5046 avide
1106 4998 1246 5046 Hnttenns
1258 5011 1409 5062 nunquam,
1430 4998 1560 5047 Erasmus
1573 4996 1640 5046 mul-

339 5086 379 5134 tis
398 5084 469 5134 locis
488 5084 567 5146 quasi
585 5081 701 5148 pusillus
719 5084 819 5132 Furius
836 5082 988 5133 Bibaculus
1006 5082 1127 5146 scripsit.
