4367 6084
529 760 683 813 CCCLXV.
701 776 805 812 anesin
820 777 882 812 sor.
897 777 933 812 an
946 776 1063 813 auseae.
1078 775 1279 834 nantonense.
1294 775 1320 809 υ.
1335 774 1362 810 vr.
1374 773 1436 810 ava.
1451 766 1509 809 tata
1591 740 1660 814 llll

376 937 468 992 nescio
490 936 568 992 cuius
590 935 726 997 libellum,
755 944 782 991 et
805 937 929 998 lecisset,
958 937 1012 992 nisi
1041 923 1140 992 luisset
1161 933 1331 996 cohercitus;
1362 941 1390 989 et
1413 941 1502 989 tamen
1524 932 1600 989 illinc
1621 933 1668 989 de-

357 1020 471 1095 ‘pulsus
493 1021 567 1076 dedit
590 1021 668 1076 nobis
691 1021 821 1095 epistolas
844 1021 971 1083 tlthcnis.
1001 1021 1085 1077 bellas
1114 1019 1218 1077 scilicet
1246 1036 1306 1092 quas
1330 1015 1466 1091 evangelia
1489 1035 1599 1092 quoque
1622 1036 1668 1074 vo-

375 1113 438 1160 cent
461 1106 487 1160 in
510 1105 630 1161 dubium.
668 1106 757 1162 addita
779 1114 821 1162 est
835 1107 942 1180 pictura
957 1106 1095 1162 seditiosa.
1133 1106 1155 1160 si
1172 1102 1320 1178 pingebant
1335 1103 1484 1176 prophetas
1498 1102 1573 1165 baal.
1597 1120 1668 1175 quur

375 1190 536 1245 addiderunt
563 1190 666 1245 crinem
694 1198 845 1253 attonsum,
882 1191 996 1246 vertices
1025 1207 1117 1251 rasos,
1150 1189 1248 1244 lincam
1277 1194 1393 1249 vestem,
1428 1187 1533 1242 mitram
1569 1188 1667 1243 horum

362 1274 559 1348 stamparum?
589 1282 617 1330 et
645 1292 688 1330 me
709 1275 857 1349 pinxerunt
886 1274 958 1349 pileo
987 1275 1037 1331 suh
1064 1282 1158 1330 mento
1188 1272 1318 1345 religato,
1347 1272 1435 1328 aerico
1463 1272 1591 1346 imposito
1619 1273 1670 1327 nu

375 1359 459 1414 meris
488 1366 515 1414 ct
543 1357 660 1415 brachiis
689 1377 703 1414 e
734 1359 816 1433 pallio
845 1360 995 1435 porrectis:
1024 1360 1062 1415 sic
1092 1360 1163 1415 enim
1193 1358 1249 1412 lere
1278 1355 1368 1418 color,
1404 1356 1557 1430 praesertim
1585 1356 1666 1419 domi.

376 1450 404 1498 et
427 1443 478 1499 hoc
500 1442 576 1498 cultu
599 1461 671 1499 eram
695 1462 777 1516 epirum
802 1462 843 1499 mc
866 1444 997 1501 salutaret
1020 1444 1100 1499 Otho.
1144 1442 1205 1498 llmc
1228 1459 1279 1514 ego
1303 1441 1410 1514 quidem
1434 1441 1522 1503 rideo,
1552 1442 1598 1497 sed
1628 1448 1668 1496 ta-

376 1544 438 1583 men
465 1528 583 1583 irnlicant
612 1528 727 1583 istorum
756 1547 826 1602 quos
855 1536 885 1584 tu
914 1529 1092 1586 sublevandos
1115 1535 1208 1602 putas.
1240 1524 1468 1600 perversissimam
1492 1525 1667 1582 voluntatem.

376 1614 417 1667 An
440 1630 487 1667 ros
509 1611 620 1667 creditis
644 1612 742 1668 talibus
765 1614 899 1686 presidiis
921 1630 1113 1689 processurum
1130 1610 1313 1685 evangelicum
1329 1610 1490 1683 negocium?
1513 1611 1598 1684 magis
1614 1629 1669 1666 mc·

342 1707 367 1746 ro
379 1706 427 1752 tuo
442 1713 476 1751 ne
492 1695 586 1752 taliani
602 1696 686 1752 stulta
701 1697 805 1754 malicia
821 1708 848 1754 et
863 1697 1000 1755 maliciosa
1016 1697 1133 1753 stultitia
1149 1696 1288 1751 subvertat
1304 1711 1385 1769 quum
1402 1695 1486 1751 bonas
1501 1694 1595 1751 literas
1611 1705 1668 1751 tum

378 1780 561 1853 evangelium.
585 1782 607 1836 si
632 1781 690 1836 sveri
712 1783 814 1856 possit,
839 1791 866 1838 et
889 1802 936 1838 ros
959 1791 1131 1855 vestramque
1152 1782 1288 1837 civitatem
1311 1779 1455 1852 aliquando
1477 1780 1618 1854 pertrahat
1640 1780 1667 1835 in

377 1882 459 1939 grave
480 1865 635 1920 discrimen.
680 1865 808 1922 ‘Scottus’
830 1868 921 1940 inquis
946 1867 1035 1922 'habet
1057 1883 1170 1921 uxorem
1193 1873 1220 1920 ct
1236 1861 1347 1920 teneros
1362 1863 1481 1919 liberos'.
1526 1864 1593 1920 Num
1617 1866 1668 1920 ista

378 1948 514 2005 excusatio
535 1950 660 2005 videatur
681 1950 752 2006 iusta
774 1952 796 2006 si
819 1952 927 2008 seriniis
949 1952 1016 2007 meis
1038 1950 1157 2007 eilractis
1173 1948 1331 2005 sustulisset
1344 1949 1456 2004 aurum?
1478 1966 1533 2007 non
1555 1948 1669 2023 opinor;

378 2043 406 2089 et
429 2040 518 2089 tamen
540 2034 591 2089 hoc
615 2035 688 2108 quod
711 2036 788 2098 tacit.
820 2036 901 2108 longe
933 2035 1091 2092 sceleratius
1122 2042 1177 2097 est,
1207 2033 1258 2088 uisi
1287 2034 1358 2090 torte
1381 2041 1461 2108 putas
1483 2033 1548 2089 mihi
1572 2033 1669 2090 samam

345 2129 440 2174 messe
464 2118 587 2173 viliorem
611 2118 732 2192 pecunia.
778 2119 805 2174 Si
825 2118 905 2176 'deest
928 2121 998 2176 unde
1021 2120 1076 2176 alat
1098 2119 1213 2181 liberos,
1241 2118 1383 2175 mendicet.
1429 2118 1531 2174 ‘Pudet'
1553 2118 1669 2191 inqaries.

377 2202 410 2257 Et
432 2202 513 2258 huius
535 2202 608 2258 modi
631 2204 782 2260 facinorum
805 2222 858 2260 ivon
883 2206 984 2279 pudet?
1015 2205 1167 2260 Prostituat
1190 2220 1300 2258 uaivrcnv
1323 2211 1350 2257 et
1373 2203 1404 2257 ad
1427 2202 1524 2259 calices
1547 2203 1669 2276 vigilanti

378 2304 445 2343 naso
468 2295 567 2343 stertat
589 2287 722 2345 adultere.
768 2289 921 2345 ‘Nefarium’
938 2290 1036 2364 inquis.
1081 2288 1165 2361 blagis
1188 2287 1321 2344 netarium
1343 2294 1385 2342 cst
1406 2288 1479 2360 quod
1495 2288 1572 2344 lacit:
1596 2287 1669 2343 nialla

378 2371 420 2427 lex
444 2372 522 2446 punit
544 2371 632 2445 capite
656 2373 702 2446 qui
725 2391 836 2429 uxorem
860 2376 1021 2448 prostituat.
1045 2381 1072 2429 at
1095 2372 1237 2446 capitalem
1261 2389 1367 2446 posnani
1389 2372 1553 2428 denunciant
1576 2389 1669 2427 omnes
1760 2418 1767 2431 e

378 2456 412 2511 iis
435 2457 480 2529 qui
510 2455 618 2512 libellos
647 2457 730 2514 edunt
757 2460 885 2514 famosos.
929 2462 951 2513 Α
982 2476 1023 2515 me
1053 2475 1189 2531 nunqnam
1219 2456 1301 2512 verbo
1330 2455 1411 2512 laesus
1441 2459 1500 2518 est‚'
1529 2457 1580 2512 nisi
1610 2455 1669 2512 laedi

342 2552 409 2595 aesc
432 2547 518 2614 pedat,
542 2540 615 2613 quod
638 2541 788 2598 l'rohenius
811 2544 917 2599 excndit
940 2543 1028 2599 honos
1051 2551 1175 2602 autores.
1198 2541 1260 2597 dum
1284 2541 1336 2597 iste
1359 2540 1438 2596 nubis
1462 2541 1528 2596 nihil
1550 2542 1596 2596 dat
1619 2541 1671 2596 nisi

380 2625 497 2680 [viriosas
520 2625 629 2680 uanius.
675 2627 744 2682 Sunt
767 2627 793 2682 in
818 2628 883 2684 orbe
908 2636 949 2684 tot
972 2636 1089 2689 veteres,
1114 2634 1156 2682 tot
1178 2626 1240 2680 novi
1263 2624 1363 2686 libelli,
1387 2633 1433 2681 aut
1457 2626 1584 2682 restituat
1599 2633 1671 2682 vete·

378 2727 423 2764 res
446 2717 493 2764 aut
514 2710 612 2783 prodat
635 2728 728 2785 riores
774 2711 850 2768 solus
880 2712 924 2768 ille
949 2712 1137 2787 typographus
1160 2710 1316 2766 nonhabet
1341 2711 1411 2765 uude
1433 2709 1487 2766 alat
1509 2727 1620 2766 uxorem
1644 2719 1672 2765 et

378 2793 495 2853 liberos.
527 2794 578 2849 uisi
606 2795 662 2849 suis
691 2795 789 2852 libellis
817 2792 967 2854 contundat
997 2798 1103 2852 omnia?
1135 2795 1167 2851 Et
1196 2813 1237 2850 inc
1261 2796 1395 2851 latitarem
1418 2794 1560 2859 habiturus
1583 2803 1625 2851 est
1648 2795 1670 2850 si

377 2879 501 2952 proterat
523 2897 583 2951 apum
607 2880 713 2953 prosint
736 2881 852 2954 puhlicis
873 2882 1037 2938 commodis:
1061 2899 1121 2936 nam
1145 2899 1197 2953 ego
1221 2880 1455 2954 typographorum
1478 2881 1600 2955 pecuniis
1616 2897 1670 2935 nou

342 2981 461 3034 meges,
492 2964 579 3035 gratia
602 2965 724 3037 superis;
753 2967 839 3038 gratis
869 2968 944 3022 laven
974 2967 1052 3021 bonis
1082 2966 1193 3020 studiis:
1224 2972 1327 3020 tantuna
1358 2964 1434 3020 abest
1462 2974 1491 3020 ut
1521 2983 1612 3021 verum
1635 2965 1671 3020 sit

380 3047 453 3120 qrrod
481 3048 514 3103 de
537 3047 672 3104 Frobenio
702 3050 812 3124 scripsit
843 3052 895 3107 istc
925 3050 1027 3106 rabula.
1072 3050 1119 3105 sed
1148 3049 1230 3121 longe
1258 3050 1352 3104 varrius
1375 3057 1416 3104 est
1440 3050 1511 3122 quod
1535 3050 1616 3106 iactat
1638 3049 1671 3104 de

378 3132 484 3205 praeda:
514 3149 545 3187 cx
568 3127 686 3188 Lutheri'
703 3152 783 3190 causa
808 3136 946 3191 teruncius
968 3135 1001 3190 ad
1024 3152 1066 3189 me
1089 3151 1143 3188 non
1167 3133 1247 3188 rediit
1270 3175 1441 3188 ........
1466 3134 1573 3189 l'oretis
1596 3132 1671 3188 illum

378 3216 541 3289 evangelici,
565 3217 612 3289 qui
635 3226 762 3291 tanquam
785 3220 866 3276 draco
889 3220 999 3293 rapidus
1021 3219 1122 3273 dudum
1145 3218 1255 3273 emersit
1278 3235 1310 3271 ea
1332 3226 1411 3273 antro
1434 3225 1462 3273 et
1482 3218 1574 3273 ebrius
1591 3218 1672 3273 licen·

380 3301 415 3355 tia
444 3309 522 3374 putat
550 3303 607 3356 suis
635 3302 746 3357 furiosis
775 3304 855 3360 urinis
883 3320 991 3359 cessura
1022 3303 1119 3358 omnia.
1165 3301 1215 3367 Oiai
1245 3301 1361 3375 primum
1391 3302 1549 3356 invexerunt
1571 3302 1672 3356 rrrrindo
1763 3322 1765 3326 ⁴

342 3384 565 3458 aoerangelium,
590 3385 657 3442 tales
680 3387 824 3444 turcileros
847 3407 901 3444 non
924 3388 1027 3460 dignati
1050 3394 1142 3443 essent
1164 3385 1300 3456 alloquio:
1323 3386 1432 3459 Capito,
1457 3385 1518 3441 novi
1541 3384 1671 3458 evangelii

379 3470 540 3544 episcopus,
571 3487 624 3525 non
653 3470 769 3527 hahebat
797 3472 864 3528 alias
885 3472 995 3529 delicias
1019 3471 1116 3545 quibus
1139 3489 1168 3526 se
1192 3468 1355 3530 oblectaret,
1386 3487 1465 3543 quani
1497 3470 1672 3543 perditissimi

378 3555 531 3610 rlceoctoris
553 3555 691 3618 convictu,
716 3575 749 3612 ne
772 3558 835 3630 quid
858 3557 960 3613 addam.
1005 3555 1072 3611 nihil
1096 3555 1202 3611 inimice
1224 3555 1349 3627 suspicor
1370 3554 1403 3609 de
1424 3555 1569 3628 Capitone.
1593 3572 1672 3627 quern

379 3639 499 3712 exceptis
520 3639 694 3712 dogmatibus
717 3659 824 3715 semper
846 3641 926 3697 habui
950 3659 1000 3715 pro
1022 3640 1185 3695 amicissimo
1209 3647 1236 3694 et
1251 3639 1294 3694 cui
1310 3657 1417 3713 semper
1431 3639 1473 3694 abc
1489 3639 1593 3712 praebui
1608 3639 1673 3694 ami·

378 3723 531 3778 cissirurun:
561 3732 588 3778 et
612 3732 700 3780 tamen
724 3734 788 3781 snm
811 3727 856 3799 quai
880 3733 977 3799 putent
1000 3725 1076 3781 illuni
1099 3741 1152 3780 non
1176 3741 1235 3780 esse
1258 3722 1374 3779 alieunin
1397 3723 1431 3779 ab
1454 3724 1502 3779 hac
1526 3724 1672 3797 tragedia.

342 3819 436 3862 asnaa
459 3816 500 3861 est.
524 3817 576 3863 tam
601 3808 727 3882 simplex,
760 3818 789 3865 nt
818 3829 872 3867 uon
903 3810 1068 3866 intellexerit
1088 3809 1202 3865 technas
1224 3808 1377 3864 decoctoris
1400 3816 1428 3863 et
1450 3808 1534 3864 lnrias
1557 3808 1674 3882 scripto-

380 3891 433 3949 ris:
456 3892 502 3947 iliu
525 3891 614 3953 siluit.
638 3894 700 3948 etaim
716 3893 837 3952 aleretur
859 3896 910 3951 hoc
926 3903 1091 3956 monstrum,
1117 3895 1223 3951 tandem
1239 3893 1378 3950 admonuit
1393 3894 1426 3949 dc
1443 3893 1522 3949 rebus
1538 3893 1673 3966 gravibus.

379 3975 505 4031 videlieet
528 3977 599 4049 quod
623 3976 723 4050 aliquid
747 3980 900 4052 attigissem
922 3980 955 4035 dc
971 3979 1057 4035 libero
1073 3978 1188 4035 arbitrio
1204 3979 1280 4052 prius
1297 3996 1377 4051 quam
1393 3979 1527 4033 Lutherus
1543 3978 1675 4034 scriberet

378 4059 645 4116 deliberantium
669 4105 936 4120 ............
961 4064 1243 4120 Valehisinllhristo.
1281 4063 1674 4119 BasiteaeAnn0M.o.xx11ss.
1753 4092 1755 4097 >

379 4169 587 4177 ,-

450 4207 457 4240 ¹
483 4211 620 4259 coercitus
640 4213 665 4258 3.
675 4214 699 4259 d.
769 4213 898 4261 Perbsne
923 4212 1018 4261 ‘cuius'
1049 4213 1159 4262 sciebat
1188 4211 1367 4261 mendaculus
1391 4213 1531 4261 Erasmus.
1558 4213 1594 4262 cl.
1615 4228 1674 4277 qum

380 4292 414 4341 de
439 4293 565 4343 Phallico
590 4294 700 4344 Gallico
726 4295 912 4360 compluribus
936 4297 1062 4361 epistolis
1086 4297 1261 4346 coreviciatns
1286 4300 1337 4345 est.
1418 4294 1429 4325 ⁹
1453 4298 1594 4361 negotium
1615 4301 1640 4347 3.
1651 4301 1674 4347 4.

381 4376 402 4408 ¹⁶
421 4377 467 4426 Sic
481 4378 656 4429 Christianus
674 4380 804 4429 sacerdos
817 4382 947 4430 Erasmus
966 4379 1108 4430 Iuvenalis
1127 4381 1159 4440 (Ι.
1173 4380 1226 4441 57.)
1246 4380 1338 4429 verbis
1357 4379 1481 4428 rabulam
1500 4382 1560 4444 agit
1580 4388 1676 4431 contra

380 4463 525 4512 honestum
544 4465 646 4525 civem,
672 4470 701 4513 at
724 4464 799 4515 laesae
818 4464 954 4514 vanitatis
972 4464 1124 4512 Erasmicoe
1144 4465 1262 4524 crimen,
1289 4465 1411 4512 atrocius
1435 4464 1463 4512 id
1487 4479 1567 4527 quam
1589 4467 1675 4515 maie-

379 4547 477 4608 statis,
498 4548 524 4596 ei
543 4549 689 4614 impingat.
725 4529 807 4599 Scire
815 4548 912 4607 velim,
932 4548 1014 4597 immo
1027 4547 1124 4607 nolim,
1145 4548 1209 4612 quid
1223 4547 1390 4596 lamentatus
1404 4551 1478 4596 esset
1491 4549 1577 4612 siquis
1590 4549 1675 4614 Spon-

309 4667 313 4672 ,
381 4632 471 4696 giam,
491 4648 524 4681 nc
543 4633 577 4683 de
596 4632 740 4699 permultis
759 4634 819 4682 eius
837 4632 940 4681 litteris
958 4631 1104 4682 delatoriis
1118 4632 1222 4691 dicam,
1244 4636 1340 4679 eontra
1359 4645 1420 4679 eum
1440 4632 1486 4694 qul
1505 4648 1552 4696 pro
1566 4634 1675 4682 numine

381 4716 951 4783 luitErasmo‚Erasmumeompoauiaset.
988 4713 1272 4780 ¹²·¹⁸nultalex]vaar
1307 4715 1327 4747 ¹⁹
1340 4715 1433 4764 radunt
1447 4718 1505 4767 1.2.
1541 4716 1675 4766 ¹⁰Aucto·

380 4817 426 4850 res
439 4804 463 4850 4.
504 4800 526 4832 ¹³
539 4799 673 4867 luperisll
685 4802 792 4853 debedat
805 4804 890 4851 dicere
903 4801 1014 4865 regibus
1027 4799 1254 4866 principibusque
1267 4799 1449 4850 secutaribus
1460 4801 1674 4851 ecclesiasticis·

381 4902 443 4950 que,
463 4888 612 4951 pensiones
630 4887 756 4950 donaque
775 4903 823 4951 pro
836 4886 990 4946 blanditiis,
1010 4884 1252 4934 adsentationibus
1266 4884 1527 4950 aelirlatiouibusque
1540 4886 1675 4935 mittenti-

382 4970 442 5019 bus.
479 4971 565 5021 brinos
579 4968 699 5035 autores]
712 4973 761 5020 sed
771 4978 796 5019 et
809 4970 945 5035 Spongias
957 4969 1139 5035 etApologias
1152 4968 1261 5019 lividas.
1298 4968 1320 5000 ²⁸
1333 4967 1440 5034 rabula]
1455 4969 1674 5035 Eppandorffius.

381 5052 405 5085 ⁸⁰
419 5052 532 5120 Capito]
546 5055 589 5104 Cf,
604 5070 687 5120 supra
700 5071 742 5119 cp.
757 5055 814 5104 d.‘2.
828 5054 915 5120 April.
932 5053 1005 5104 1524.
1019 5056 1042 5116 §-
1052 5053 1090 5104 ll.
1127 5052 1149 5085 ³⁸
1165 5054 1287 5105 Numerus
1300 5056 1391 5104 titteris
1403 5070 1543 5119 expressas
1555 5062 1594 5106 est
1607 5057 1633 5105 ia
1648 5057 1674 5105 3.
