4367 6084
574 751 773 804 cccxxxln.
793 767 914 804 cronon
927 766 1032 804 nutem
1044 768 1189 804 novenos-s
1202 767 1376 803 toreumatis
1389 767 1522 802 assuant.
1624 737 1697 809 323

393 926 536 993 witlam,
562 927 598 995 fit
615 930 648 983 ut
667 939 723 984 nec
740 924 816 996 fidei
832 923 968 995 fructum
980 940 1035 983 nec
1052 924 1195 983 bonorum
1212 941 1334 998 operum
1348 925 1512 984 mercedem
1527 927 1693 1000 capiamus.

395 1020 569 1095 *Quadam
591 1035 688 1085 antem
710 1028 773 1084 eius
795 1028 915 1099 pencris
936 1034 1018 1096 sunt,
1037 1033 1069 1084 ut
1089 1029 1118 1085 si
1137 1027 1269 1085 maxime
1291 1044 1363 1086 ocra
1380 1033 1490 1098 essent,
1510 1044 1568 1087 non
1585 1044 1683 1102 eupe—
1695 1028 1763 1078 ΜΗ·

394 1128 462 1185 dial
482 1130 620 1200 inperere
638 1127 765 1186 auribus
778 1130 896 1202 populi,
919 1130 1009 1186 oeluli
1026 1130 1150 1187 liberum
1172 1128 1328 1187 arbitrium
1346 1128 1422 1187 nibil
1439 1144 1501 1189 esse
1521 1132 1580 1188 nisi
1591 1146 1695 1189 nomen

394 1231 505 1297 inane·
527 1231 683 1303 quemlibet
702 1230 902 1288 Cbristianum
923 1246 987 1289 essa
1004 1231 1189 1289 sacerdotem
1209 1236 1238 1288 et
1257 1247 1343 1305 posse
1357 1232 1506 1289 remittere
1523 1239 1651 1305 peccata
1668 1238 1698 1290 et

373 1346 482 1404 sposse
501 1348 680 1391 consecrare
702 1347 811 1404 eorpus
832 1331 961 1400 domini,·
981 1333 1045 1390 solu
1062 1332 1126 1403 fide
1140 1330 1278 1403 cortserri
1294 1333 1440 1391 iusticiam
1447 1353 1458 1399 ,·
1479 1348 1574 1406 opera
1592 1340 1695 1391 nostra
1771 1351 1773 1355 ·

395 1433 473 1491 anitii
490 1434 537 1491 ad
557 1449 620 1492 rent
637 1432 756 1505 facere.
801 1432 877 1492 Hcec
895 1434 1061 1507 paradoxa
1076 1436 1188 1492 iactata
1204 1434 1290 1508 apud
1303 1436 1407 1506 culpus
1419 1434 1493 1507 quid
1507 1434 1593 1492 aliud
1606 1451 1696 1508 qnam

396 1536 528 1607 qiqnant
546 1535 700 1593 dissidium
722 1550 760 1593 aa
780 1530 973 1595 seditionem?
1003 1534 1136 1594 Rursum
1157 1537 1291 1594 ecclesia
1310 1551 1451 1609 proceres
1473 1552 1511 1594 nc
1532 1538 1686 1611 principes
1697 1542 1766 1592 inu.

393 1635 544 1710 profanos
564 1636 759 1708 obsecrarim‚
784 1643 817 1694 ut
834 1653 902 1695 suos
921 1635 1048 1708 affectus
1069 1652 1183 1710 suaque
1199 1639 1321 1711 priuata
1335 1637 1488 1696 commoda
1501 1638 1697 1711 postitobeanl

396 1739 489 1796 saluti
509 1738 638 1812 pubiicce
658 1743 688 1796 et
699 1739 806 1810 plorioe
829 1737 947 1797 Christi.
991 1741 1034 1798 sic
1055 1744 1099 1798 est
1119 1742 1253 1798 noluntas
1268 1737 1337 1798 Iesu
1354 1738 1465 1797 Cirristi
1483 1746 1512 1798 et
1531 1743 1575 1798 sic
1597 1756 1694 1813 tepen-

370 1838 481 1898 mttbus
503 1839 585 1899 nobis
607 1838 772 1911 adfuturus
793 1846 837 1898 est
853 1839 960 1912 fautor
983 1857 1021 1899 uc
1039 1839 1213 1911 fortunalor
1234 1855 1334 1900 eornm
1357 1857 1425 1914 qua
1445 1842 1586 1913 perimus.
1633 1842 1687 1901 Cui
1697 1847 1764 1898 §.tto

395 1941 520 2014 spiritus
539 1941 608 2000 iesu
634 1942 744 2001 donum
772 1943 919 2016 impartiit
945 1941 1136 2001 abstrusioris
1161 1943 1350 2012 cruditionis,
1378 1943 1534 2016 impartiat
1554 1944 1695 2011 candide,
1729 1969 1734 1977 ·

398 2045 570 2102 cumomni
594 2043 820 2102 ntausuetudiuc
840 2045 987 2104 sustinens
1011 2060 1048 2103 ac
1069 2046 1201 2102 tolerans
1221 2061 1270 2104 eos
1296 2047 1349 2119 qui
1372 2061 1431 2102 non
1458 2047 1556 2104 statim
1578 2049 1698 2119 assequi

395 2152 521 2218 possunt
541 2146 622 2219 quod
637 2145 784 2215 inteditur,
807 2146 1053 2218 quemadmodum
1076 2147 1212 2205 dominns
1232 2145 1317 2204 iesus
1336 2146 1389 2203 diu
1411 2147 1547 2205 toleravit
1564 2147 1695 2218 infirmi-

395 2253 486 2324 tatem
503 2263 624 2305 suorum
643 2248 737 2306 donec
755 2248 944 2321 proficerent.
990 2247 1148 2321 Principes
1171 2253 1199 2304 et
1217 2249 1349 2321 episcopi
1368 2254 1437 2305 sunt
1457 2248 1600 2319 immines,
1622 2249 1685 2308 tobi
1696 2248 1764 2298 ΜΝ·

360 2355 426 2407 net
442 2348 518 2420 salii
535 2356 673 2423 possunt:
699 2348 751 2406 bos
774 2356 884 2421 quanto
907 2350 1121 2408 conducibilius
1142 2355 1184 2407 cst
1205 2351 1327 2407 comiter
1347 2350 1391 2407 ad
1412 2352 1475 2408 ocri
1501 2353 1696 2423 coquitionem

396 2450 552 2510 adducere
573 2467 664 2524 quum
690 2452 824 2509 cottoitiis
842 2447 1051 2526 exasperare?
1078 2451 1164 2522 *Qut
1184 2453 1214 2508 iu
1236 2453 1332 2509 classe
1353 2451 1527 2510 Lutiterana
1549 2453 1606 2511 sibi
1627 2456 1695 2512 uin-

396 2551 502 2611 dicant
521 2537 707 2626 spiritualem
728 2554 939 2626 comitiorum,
962 2555 1091 2626 capitem
1107 2562 1136 2612 et
1153 2571 1185 2612 se
1206 2570 1269 2612 esse
1287 2553 1420 2612 domines
1435 2554 1576 2614 obnoxios
1591 2557 1695 2614 iisdem

396 2655 500 2722 maiis,
523 2653 627 2726 quibus
644 2654 766 2713 obnocii
782 2661 851 2713 sunt
866 2656 1022 2728 pontefices
1042 2662 1071 2714 et
1090 2658 1263 2730 principes:
1285 2673 1380 2730 neque
1397 2672 1509 2715 corona
1525 2674 1619 2731 neque
1633 2653 1715 2717 mi?

396 2762 447 2812 tra
470 2755 557 2812 addit
576 2757 755 2829 sapientium
776 2758 995 2829 commaticam,
1023 2756 1142 2831 fateor,
1169 2759 1224 2817 sed
1243 2776 1338 2832 neque
1365 2760 1489 2831 ouiqarc
1507 2761 1619 2833 pileum
1641 2766 1694 2818 ttut

359 2857 550 2930 nociupulum
567 2857 662 2916 addit.
708 2858 765 2928 (tui
778 2875 809 2916 se
826 2864 935 2932 putant
952 2858 1063 2918 babere
1081 2861 1190 2919 donum
1210 2862 1346 2935 spiritus,
1370 2877 1408 2918 ne
1420 2867 1566 2935 spernunt
1579 2860 1682 2935 publi·
1695 2861 1766 2911 ΜΗ·

396 2973 465 3018 cam
481 2961 679 3018 autoritatem.
724 2959 855 3019 Rursum
867 2962 1038 3034 principes,
1055 2962 1214 3035 quamlibet
1225 2958 1357 3036 potentes
1377 2978 1414 3020 ac
1426 2964 1538 3036 maqni,
1552 2979 1589 3021 nc
1604 2979 1694 3022 auer-

395 3067 500 3119 sentur
522 3062 673 3120 veritatem
696 3062 807 3121 Citristi
828 3080 848 3121 a
869 3063 1029 3135 quamlibet
1052 3063 1158 3121 bamili
1178 3066 1380 3137 propositam:
1411 3065 1535 3124 immites
1557 3071 1648 3123 erant
1666 3076 1694 3123 et

396 3163 539 3237 apostoli,·
556 3162 758 3238 pbarmacum
779 3167 900 3239 corpori
913 3162 1110 3237 profuturum
1131 3167 1295 3239 accipimus
1316 3166 1355 3224 ab
1372 3166 1578 3224 obscurissimo
1599 3167 1693 3225 idiota

396 3270 451 3322 aut
468 3266 662 3335 muliercula,
693 3272 722 3324 el
741 3267 836 3325 animi
860 3267 1038 3327 medicinam
1065 3268 1233 3339 respuimus
1259 3268 1296 3325 ab
1318 3268 1520 3326 bttmilioribus
1541 3265 1693 3326 oblatam?

359 3385 387 3425 m
398 3363 633 3425 Submooeantur
654 3369 792 3441 utrinque
806 3371 936 3444 priuatae
951 3368 1143 3443 cupiditales,
1163 3374 1193 3426 et
1205 3368 1405 3427 communibus
1421 3370 1491 3427 uotis
1505 3371 1681 3443 imploretur
1693 3369 1760 3419 §³¹⁶-

396 3471 520 3542 spiritus
541 3471 591 3528 iiie
608 3472 766 3543 pacificus,
797 3488 834 3529 ue
854 3473 961 3529 mulctis
983 3469 1115 3528 dissidiis
1137 3469 1307 3529 Christiana
1329 3486 1378 3529 res
1399 3471 1460 3528 iam
1482 3486 1562 3528 nunc
1584 3473 1614 3527 in
1635 3488 1692 3529 ar-

396 3578 475 3629 ctum
496 3578 651 3630 contracta
669 3575 789 3647 penitus
809 3574 963 3644 concidat,
987 3589 1024 3631 ne
1040 3571 1182 3644 serarum
1205 3590 1242 3631 ac
1260 3574 1385 3647 piscium
1404 3574 1464 3630 ritu
1483 3573 1591 3630 mutuis
1608 3588 1692 3631 mor-

395 3674 476 3732 sibus
491 3690 544 3731 nos
560 3675 683 3733 inuicem
699 3677 867 3734 lacerantes
888 3675 1050 3734 iucundum
1068 3676 1269 3750 spectaculum
1284 3674 1472 3750 proebearnus
1486 3680 1515 3733 et
1530 3680 1646 3733 sectante
1664 3682 1693 3733 et
1702 3675 1705 3679 ’

398 3774 563 3833 Christiani
582 3778 706 3836 nominis
720 3776 858 3836 itostibus.
902 3777 962 3835 *ln
984 3779 1117 3836 omnibus
1137 3781 1271 3838 articulis
1293 3794 1312 3835 a
1326 3778 1439 3853 priscis
1458 3776 1592 3851 proditoe
1608 3777 1759 3847 patrisso.

358 3892 557 3935 soconsensus
580 3887 638 3936 cst:
667 3873 747 3937 ‘cur
775 3879 811 3937 ob
835 3881 1002 3953 paradoxa
1031 3882 1130 3939 nescio
1157 3897 1238 3954 quoe,
1267 3895 1391 3954 quorum
1419 3882 1532 3952 aliquot
1550 3878 1695 3936 eiusmodi

396 3985 479 4050 sunt,
507 3986 539 4037 ut
566 3980 610 4036 ad
634 3982 758 4055 pienum
785 3997 843 4040 non
867 3985 983 4057 possint
1010 3984 1150 4056 intellipi,
1181 3984 1343 4057 *quadam
1370 3984 1434 4040 eius
1448 3983 1583 4055 pencris,
1612 3983 1691 4039 utin

397 4087 555 4154 utramque
572 4091 691 4156 partem
713 4082 866 4157 disputari
883 4092 1005 4160 qtteant,
1028 4086 1173 4142 nonnulla
1192 4089 1281 4158 iulia,
1305 4092 1336 4143 ut
1353 4101 1410 4142 nou
1430 4085 1473 4142 ila
1488 4084 1609 4141 mullum
1625 4099 1687 4141 rno-

397 4184 490 4241 menli
516 4182 662 4255 adferant
687 4185 730 4243 ad
753 4201 849 4245 mores
869 4186 1083 4256 emendandos,
1112 4189 1156 4246 sic
1177 4190 1368 4247 tumultuetur
1394 4181 1494 4244 orbis?
1526 4183 1597 4244 Tota
1622 4189 1680 4244 oita
1693 4189 1762 4239 §.us

398 4284 634 4344 Christianorum
665 4287 797 4360 undique
819 4286 942 4360 differta
964 4295 1008 4347 est
1028 4288 1111 4348 bellis
1132 4291 1340 4353 insanissimis.
1363 4288 1545 4357 tumultibus,
1565 4290 1691 4347 latroci-

358 4388 469 4458 ssnt'is,
496 4389 615 4462 iurpiis,
644 4388 735 4462 odiis,
768 4390 1038 4463 obtrectationibus,
1063 4388 1244 4463 fraudibus,
1273 4392 1364 4463 dolis,
1391 4393 1483 4464 lituu,
1505 4389 1691 4457 libidinibus;

329 4477 337 4491 ’
395 4488 473 4546 niia'l
491 4505 615 4561 usquam
637 4507 743 4549 sanum
766 4497 822 4561 est,
850 4497 879 4550 el
899 4494 1011 4551 omissis
1036 4491 1169 4550 omuibus
1191 4493 1411 4565 diqtudiamur,
1441 4509 1481 4551 ctu
1500 4494 1690 4566 principatus

394 4589 527 4649 Romani
546 4594 699 4666 pontificis
718 4595 756 4650 sit
774 4592 929 4666 profectus
954 4593 991 4652 ab
1015 4600 1120 4652 autore
1143 4593 1267 4652 Citristo.
1311 4593 1472 4666 *iitroque
1489 4610 1565 4667 pnrs
1592 4596 1752 4652 atratino

394 4709 458 4751 sese
473 4698 660 4768 attemperet:
682 4694 850 4768 obsequium
867 4696 992 4769 parabit
1009 4697 1186 4767 amicitiam,
1204 4697 1377 4771 peruicacia
1398 4699 1550 4755 tumultum
1571 4699 1690 4769 piqnet:

393 4796 462 4868 quis
484 4803 581 4853 autem
600 4798 671 4867 finis·
692 4799 763 4865 erit,
795 4799 822 4855 si
850 4798 947 4855 (litera
962 4815 1041 4872 pars
1063 4795 1138 4854 niitii
1161 4797 1270 4855 babeat
1290 4799 1349 4854 nisi
1373 4801 1527 4868 tumultus,
1556 4801 1645 4856 ricus
1663 4803 1692 4856 et

356 4897 547 4969 inconcione,
575 4900 673 4957 altero
701 4898 778 4957 nitu
804 4899 862 4956 nisi
876 4886 1039 4971 'cc3rtsurns‚
1069 4899 1181 4970 bullus,
1211 4899 1352 4957 articulos
1374 4906 1402 4956 ct
1423 4895 1585 4957 incendia?
1615 4899 1693 4969 (laid

463 5096 473 5128 ³
492 5096 589 5164 veluti]
609 5105 760 5169 sequuntur
777 5100 939 5151 Lttthoruna
957 5101 1097 5166 dogmata.
1134 5100 1155 5133 ¹⁰
1174 5102 1311 5152 conuiciis
1330 5104 1386 5150 ab.
1428 5100 1450 5131 ²⁶
1468 5089 1556 5150 obtin
1568 5092 1655 5166 ὑγιές.

1404 5186 1469 5250 21*
