4367 6084
489 749 596 801 CCLH.
616 767 678 801 aon.
694 765 774 800 ness1
789 764 825 799 nn
838 765 920 800 aurs.
935 764 1173 799 axuosuunomvn
1187 765 1240 799 vno
1254 764 1391 801 avitiano.
1408 756 1465 799 1521.
1575 730 1623 805 69

484 922 530 980 Ea
552 923 606 980 tibi
623 925 788 981 laurentem
810 923 899 980 nectit
930 922 1060 979 Victoria
1079 921 1228 994 palmam,

535 1025 681 1082 Proxima
703 1024 740 1081 tle
759 1024 875 1096 superis
896 1023 962 1080 lum
984 1022 1041 1079 (lea
1064 1023 1126 1079 uisa
1149 1022 1230 1079 milti.

484 1127 574 1182 Arma
597 1141 688 1182 manu
710 1125 875 1198 eripienda,
898 1123 1004 1196 auribus
1025 1122 1118 1180 eadat
1139 1123 1228 1180 itastis
1249 1099 1404 1180 innuendi:

438 1246 457 1285 a
537 1227 678 1284 Proesidii
698 1229 727 1284 in
750 1225 835 1283 lituis
856 1225 1096 1297 carminibusque
1116 1224 1207 1292 nillil:

483 1327 574 1385 Arma
595 1344 686 1385 manu
708 1343 799 1400 cape,
826 1335 924 1384 auster
944 1342 1032 1399 eques
1051 1323 1229 1397 fortissime,
1251 1341 1306 1384 nec
1327 1332 1354 1384 ta

535 1429 665 1486 duritiis
686 1443 812 1485 turanum
831 1444 917 1501 passe
938 1444 1060 1486 manere
1075 1434 1171 1501 puta:

483 1529 545 1599 Qua
566 1548 597 1588 se
618 1545 743 1602 eumque
763 1531 863 1602 aliqua
882 1530 991 1603 infirmit
1010 1529 1172 1586 Germania
1195 1534 1302 1599 tractu,

436 1651 457 1690 n
535 1632 684 1689 Accedent
702 1632 794 1702 sienis
815 1632 898 1688 milia
920 1632 1013 1687 inulta
1034 1631 1101 1701 tuis,

480 1732 549 1806 lpse
569 1734 658 1789 etiam
680 1732 794 1789 inuictis
814 1732 914 1789 aderit
931 1731 1113 1790 Francisrns
1135 1735 1165 1790 in
1191 1734 1284 1790 armis

536 1835 596 1892 Per
617 1849 702 1906 queem
723 1832 883 1905 Sicalrinaa
904 1841 948 1891 est
967 1833 1119 1891 nobilitata
1143 1835 1262 1891 damus:

467 1930 537 1993 ⁴Hie
559 1937 636 1993 nulli
657 1940 783 1993 ueterum
807 1935 916 1992 dextra
936 1935 1055 1992 uictrice
1077 1937 1226 1993 secundus

435 2056 455 2094 u
535 2037 692 2110 Praeipue
715 2035 794 2094 leuna
812 2038 926 2094 titulum
947 2036 1047 2094 irritetis
1068 2037 1178 2096 labere
1200 2039 1282 2095 ualet.

488 2139 542 2195 l⁷as
564 2138 623 2195 (lua
644 2139 787 2195 vaticinor
808 2137 953 2218 Romana
969 2135 1102 2207 fulmina
1121 2141 1211 2211 pesti.

534 2239 669 2306 Fallere,
694 2237 829 2310 Christe,⁴
849 2245 913 2297 ueta
939 2254 1024 2311 auem
1044 2237 1126 2310 sacis
1147 2241 1203 2298 isla
1223 2235 1311 2312 laqui.

479 2339 541 2398 Sed
561 2346 588 2398 te
607 2341 762 2413 precipue
783 2356 850 2414 spes
871 2347 997 2414 nostra,
1020 2339 1161 2413 lIutlene,
1183 2348 1353 2411 merantur,

433 2457 453 2496 n
537 2441 613 2498 Pars
634 2443 705 2514 quia
726 2448 757 2498 tu
778 2443 873 2499 nostri
892 2442 1026 2499 maaima
1049 2458 1147 2516 nuper
1167 2460 1252 2500 eras:

477 2542 593 2601 Scimus
611 2545 701 2614 enim,
724 2524 849 2601 rudibus
869 2543 939 2600 ditm
961 2550 988 2600 te
1009 2546 1145 2601 metimur
1165 2545 1203 2602 ab
1226 2547 1329 2615 earinis,

533 2644 593 2702 illa
613 2646 707 2702 animi
726 2660 816 2717 quam
838 2645 876 2701 sit
896 2644 938 2701 uis
955 2660 1101 2716 aenerasa
1124 2646 1181 2714 tui,

480 2745 573 2815 (luam
594 2747 681 2803 sartis
703 2748 831 2803 tolerare
848 2752 953 2818 puteas
974 2747 1128 2819 utriusque
1148 2746 1293 2819 laborem,

430 2862 451 2902 m
533 2845 601 2904 Siue
618 2864 732 2920 pemeus
752 2848 851 2904 ueniat
870 2848 930 2904 siue
952 2863 1080 2905 nureraa
1099 2848 1166 2915 tiit·

479 2947 630 3020 Quamque
650 2950 737 3006 etiam
759 2964 848 3006 ausus
872 2949 971 3006 tertius
991 2956 1134 3023 expertus
1155 2951 1185 3007 in
1205 2954 1329 3021 omneis,

537 3048 631 3119 Quam
653 3064 758 3107 manas
780 3051 930 3122 inqenium
952 3049 1046 3108 nubile
1067 3057 1207 3125 prompta
1228 3055 1320 3126 sequi.

477 3151 534 3208 Eia
557 3167 628 3223 aaa,
652 3157 750 3209 master
771 3167 873 3224 eques,
895 3157 955 3208 tam
978 3152 1092 3209 datibus
1112 3161 1198 3210 aucte
1217 3154 1365 3226 hemionis,

429 3270 450 3308 n
537 3251 637 3310 Talem
659 3258 685 3310 te
701 3254 824 3327 papulis
842 3250 897 3324 sne
916 3268 1026 3325 precer
1047 3269 1109 3311 esse
1127 3254 1234 3324 fidem:

424 3382 426 3386 =
477 3353 538 3413 Nea
558 3353 612 3411 tibi
631 3370 697 3412 cum
720 3354 797 3427 sarii
818 3355 939 3411 nimiam
961 3371 1010 3412 res
1032 3353 1113 3411 liaste
1128 3353 1238 3424 sutura
1258 3360 1314 3424 est,

541 3456 665 3513 Vincere
684 3457 736 3528 aui
755 3457 828 3513 iales
838 3457 976 3526 audeat,
1003 3457 1052 3512 ille
1070 3463 1174 3529 potest.

480 3555 522 3613 Tu
540 3563 622 3630 pates
643 3558 785 3629 inaenteis
806 3557 914 3615 lteram
934 3558 964 3614 ia
986 3573 1074 3614 arma
1097 3559 1190 3628 ciere,

426 3676 447 3714 a
533 3657 604 3726 (itta
621 3660 737 3730 possint
757 3660 835 3733 ipsas
857 3674 945 3715 (erma
968 3675 1083 3717 manere
1104 3659 1182 3717 deas.

476 3759 521 3815 nt
542 3766 670 3831 pereant
689 3775 761 3832 quas
775 3759 859 3818 mlta
879 3761 981 3818 itit-'imi
1000 3777 1207 3833 aerariumque,
1229 3776 1284 3818 nea
1305 3759 1397 3817 nillum

530 3859 680 3917 Deiectum
702 3877 854 3919 armerum
874 3863 1043 3934 militiaque
1065 3868 1163 3920 tenera
1169 3883 1177 3919 :

475 3960 549 4019 Hu’e
569 3970 637 4018 suut
658 3963 735 4020 iusta
755 3963 859 4035 quibus
881 3963 986 4034 seruent
1010 3966 1171 4021 Germania
1196 3963 1293 4032 bellis,

426 4078 445 4119 n
534 4063 662 4132 (litorum
683 4071 740 4136 est,
766 4081 834 4136 quoe
854 4067 958 4138 periit,
980 4067 1114 4122 uicesima
1137 4082 1261 4129 caussa,
1281 4065 1366 4136 tides.

475 4163 536 4223 Has
562 4162 675 4223 Turaas
698 4167 710 4222 i
731 4167 932 4242 vinceremus,
958 4167 1105 4224 Germane
1127 4167 1231 4240 quimus
1251 4176 1279 4225 te

535 4264 607 4323 Tam
629 4268 741 4325 seruire
763 4268 815 4325 diu
835 4269 962 4341 turpiter
985 4284 1064 4326 anne
1081 4265 1201 4342 perdet?

474 4366 589 4425 Deinde
612 4369 686 4426 alias
711 4366 824 4426 Turcns
843 4384 958 4441 quares
980 4385 1051 4440 quas
1072 4371 1190 4428 uincere
1204 4372 1316 4444 passis,

424 4484 445 4523 s
533 4470 665 4542 Quasque
686 4468 771 4527 labar
787 4468 886 4541 suerit
910 4472 1028 4529 uincere
1045 4471 1129 4542 farte
1150 4473 1255 4530 minae.

474 4567 536 4627 Sed
555 4577 653 4628 tamen
677 4570 804 4629 imbelles
825 4570 921 4642 facile
941 4580 985 4630 est
1008 4589 1156 4647 superare
1176 4573 1329 4646 muudus,

531 4671 582 4730 Nil
604 4672 737 4742 dederis,
760 4673 829 4731 uicti
848 4674 907 4730 iam
931 4674 983 4733 libi
1003 4680 1087 4748 terea
1111 4673 1241 4738 dubunt,-

345 4773 524 4797 g

396 4885 634 4940 '‘mihiestl...5‚
677 4889 697 4921 ¹⁹
711 4905 817 4955 cunque
832 4894 890 4942 45.
927 4890 1110 4940 ²⁰milliai.5.
1151 4889 1405 4953 '’Siggingal...5.
1442 4887 1620 4951 sufingas.-

341 4962 457 5024 ¹³0mnes
475 4977 548 5024 2...5.
605 4974 627 5007 ³⁵
645 4976 706 5038 Eya
724 4978 750 5025 2.
802 4975 824 5008 ³⁰
844 4977 971 5041 ingentes
990 4979 1064 5025 2...5.
1122 4973 1144 5007 ⁴⁴
1162 4990 1247 5026 causa
1267 4977 1325 5024 3.5.
1345 4975 1412 5041 irbiq.
1481 4970 1503 5002 ⁴⁹
1522 4971 1618 5036 0511oe-

340 5050 447 5107 doam.
500 5059 720 5113 cinaedoss...5.
