4367 6084
501 744 699 798 cccxxxffl.
720 760 839 797 srosou
852 760 956 796 sensnm
969 760 1112 797 sonusve
1125 760 1300 795 carentanus
1314 761 1447 796 nvmm.
1549 728 1623 801 297

327 936 421 995 quam
441 918 532 978 tronus
552 921 598 979 itti
617 918 767 986 inrideat,·
787 920 833 976 sin
856 919 943 976 aliter
964 928 1019 989 est,
1038 933 1166 992 prorsus
1183 919 1318 976 insaniat
1340 920 1392 991 qui
1410 920 1498 977 tatem
1509 917 1626 990 somam

324 1026 470 1105 ,cuiqirom
485 1022 625 1081 inuideat.
661 1021 735 1093 ,qu
755 1023 783 1078 si
800 1001 906 1093 queam
927 1023 1058 1092 assequi,
1079 1035 1217 1094 cuperem
1235 1035 1301 1077 mea
1313 1026 1460 1094 perpetuo
1475 1028 1506 1079 et
1518 1023 1616 1079 omni·
1628 1025 1696 1076 §.²¹2

330 1126 385 1183 bus
405 1123 574 1197 reqionrirus
596 1126 657 1196 teqi
680 1117 888 1197 potiusquam
910 1123 1090 1195 temporario
1108 1121 1217 1194 sorore
1243 1124 1330 1195 rapi,·
1357 1124 1464 1195 quodsi
1484 1139 1541 1181 non
1563 1139 1628 1180 me-

332 1232 439 1285 rentur
458 1227 525 1299 ipso
548 1228 672 1283 utilitate
692 1223 830 1296 fauorem
851 1223 982 1293 lectoris,
1008 1239 1128 1281 manum
1148 1239 1207 1282 non
1229 1226 1381 1295 uorterim,
1409 1227 1525 1282 etiamsi
1545 1239 1630 1282 nemo

307 1331 423 1401 ⁵quat.
467 1326 538 1386 ‘Sed
553 1323 650 1400 pueri’
673 1327 809 1398 inquiunt
824 1327 916 1384 ‘cunis
932 1325 1058 1384 lutheri
1077 1340 1181 1383 nomen
1201 1341 1308 1385 uocare
1330 1323 1520 1385 assuescunt.
1542 1343 1631 1400 prce-

332 1432 451 1488 stiterut
469 1437 503 1487 ut
522 1432 727 1487 assuescerent
746 1441 853 1484 aoaare
878 1442 983 1485 namen
1009 1426 1097 1495 Iesu·
1117 1443 1289 1500 quanquam
1316 1429 1367 1487 ubi
1391 1432 1451 1487 sint
1471 1431 1522 1487 isti
1540 1430 1634 1502 pueri

335 1534 450 1598 nescio:
467 1530 610 1603 fortassis
628 1529 775 1589 Huttenns
793 1530 859 1587 iilos
877 1530 951 1587 uidit
969 1531 1000 1587 in
1023 1544 1096 1587 arce
1110 1528 1277 1589 Francisci.
1320 1527 1338 1564 ¹²
1350 1546 1403 1604 eqo
1424 1530 1553 1604 quotidie
1573 1545 1632 1587 ex-

330 1635 436 1707 perior
459 1647 548 1705 quam
567 1634 653 1690 multi
666 1640 813 1705 potentes,
842 1630 936 1702 docti,
960 1647 1070 1703 quares
1093 1637 1122 1689 ct
1143 1631 1212 1689 boni
1231 1634 1289 1690 uiri
1308 1640 1487 1691 execrentur
1510 1631 1633 1689 Luttzeri

336 1751 455 1804 nomen,
475 1716 599 1807 quorum
622 1735 690 1790 toiis
710 1738 755 1791 est
775 1732 917 1803 eruditio,
940 1734 1009 1790 tatis
1030 1734 1098 1790 niteo
1119 1736 1299 1807 synceritas,
1324 1741 1358 1792 ut
1377 1737 1428 1791 rin
1447 1737 1556 1808 possim
1576 1750 1630 1791 su-

309 1847 328 1886 ¹11
337 1839 453 1910 spicari
472 1838 518 1893 ael
539 1834 651 1906 affectu
674 1850 781 1892 errare
803 1837 868 1893 ilios
890 1837 936 1894 aei
956 1835 1074 1894 iudicio.
1121 1835 1137 1868 ’θ’
1150 1836 1193 1892 Aa
1211 1852 1248 1894 ne
1270 1837 1308 1894 de
1329 1838 1399 1895 sede
1421 1837 1537 1910 quidem
1556 1834 1701 1898 iio-§.ns

337 1953 428 1995 mana
446 1953 579 2009 unquam
598 1939 800 1995 inconstanter
820 1939 956 2010 loquentes
977 1952 1058 1994 sum:
1088 1939 1277 2010 tyrannidem
1299 1945 1330 1997 et
1349 1943 1547 2014 rapacitatem
1567 1953 1633 1996 cce-

338 2045 460 2112 {eraque
480 2041 565 2108 uitia,
591 2038 628 2096 de
655 2038 760 2110 quibus
786 2040 846 2096 iarn
873 2041 941 2096 olim
970 2047 1049 2097 oetas
1077 2055 1115 2097 ac
1137 2040 1219 2100 honis
1240 2043 1312 2101 airis
1330 2044 1491 2101 communis
1512 2040 1634 2114 querela

337 2150 392 2212 est,
416 2155 568 2213 nunquam
588 2140 722 2214 probaui.
767 2135 850 2199 *nec
868 2140 1068 2214 indutqentias
1085 2158 1210 2213 usquam
1231 2147 1262 2202 in
1281 2151 1369 2204 totum
1386 2146 1502 2214 damno,
1520 2144 1638 2202 etiamsi

337 2245 568 2317 cauponationes
588 2245 656 2303 iilos
675 2245 946 2319 impudentissimas
964 2252 1081 2319 semper
1096 2246 1254 2304 detestatus
1274 2262 1347 2304 sum.
1392 2248 1468 2320 quid
1487 2247 1525 2305 de
1547 2262 1635 2304 cere-

307 2347 444 2402 nunonis
460 2346 599 2419 sentiam,
618 2347 690 2405 iibri
708 2348 767 2405 mei
784 2350 883 2406 maltis
902 2349 974 2406 locis
989 2353 1143 2406 testentur.
1188 2343 1277 2406 *Utri
1294 2365 1361 2408 uero
1381 2360 1539 2408 execratus
1559 2363 1623 2406 sum
1637 2361 1704 2411 son.

307 2508 310 2512 ,
339 2450 385 2506 ius
406 2450 582 2506 careonicum
603 2456 634 2506 et
648 2451 818 2523 pontificum
840 2444 977 2507 sertor*
991 2448 1070 2519 Ouid
1090 2456 1187 2507 autem
1207 2452 1244 2508 sit
1262 2454 1430 2524 pontificem
1451 2454 1480 2509 in
1501 2450 1635 2510 ordinem

339 2550 492 2622 rediqere‚
521 2565 579 2608 non
607 2553 681 2609 satis
703 2553 843 2623 intettiqo.
888 2551 1021 2609 Primum
1039 2554 1146 2626 opinor
1164 2551 1312 2624 fatebitur
1332 2553 1437 2613 Bomio
1456 2569 1520 2612 esse
1538 2554 1637 2611 ecde-

339 2653 433 2709 siam:
455 2667 526 2710 nam
548 2653 705 2711 multitudo
727 2656 873 2712 matorum
891 2669 950 2712 non
971 2652 1079 2724 eflicit,
1110 2656 1283 2726 quominus
1304 2657 1503 2724 sitecclesia,
1526 2653 1641 2725 alioqui

340 2755 442 2811 nouitas
460 2753 634 2812 traheremus
655 2756 804 2813 ecclesias.
848 2763 878 2814 et
897 2755 1028 2813 arbitror
1048 2771 1112 2813 esse
1133 2756 1347 2815 ortlrodonom:
1369 2773 1439 2816 nam
1458 2758 1538 2829 siqui
1553 2757 1642 2813 minti

307 2862 411 2914 nsum
429 2855 527 2928 impii,
551 2862 648 2914 tomen
669 2856 798 2922 inbonis
814 2865 914 2915 manet
932 2859 1066 2934 ecelesia.
1111 2858 1180 2915 iricio
1198 2868 1295 2917 aurem
1314 2860 1449 2918 ecclesia
1469 2859 1554 2917 dabit
1571 2859 1640 2932 opi-

342 2972 399 3015 nor
418 2960 607 3032 episcopum:
628 2973 696 3017 eurn
715 2960 851 3031 patietur
871 2975 934 3017 esse
948 2961 1218 3034 metropolitanum,
1233 2952 1428 3034 posteaquam
1443 2967 1484 3020 tot
1495 2967 1566 3020 sunt
1582 2973 1640 3018 ar-

342 3058 526 3133 chiepiscopi
544 3060 574 3117 in
597 3059 643 3117 tris
659 3060 842 3133 ropionibus,
865 3063 895 3119 in
912 3061 1015 3133 quibus
1028 3062 1129 3119 nultus
1150 3076 1280 3133 unquam
1292 3060 1357 3133 suit
1371 3065 1529 3136 apostotus,
1552 3077 1640 3135 quum

343 3160 440 3219 Roma
469 3159 576 3219 tabeat
595 3168 624 3218 et
644 3149 762 3220 Petrum
784 3170 813 3219 et
833 3161 975 3232 Pontum,
1005 3159 1078 3220 duos
1099 3163 1162 3219 siae
1180 3165 1382 3220 controversia
1401 3179 1537 3222 summos.
1581 3165 1640 3220 iom

344 3264 423 3320 inter
440 3266 679 3337 metropolitanos
696 3264 769 3336 quid
782 3263 908 3321 absurdi
919 3266 958 3320 sit
973 3264 1000 3320 si
1010 3263 1128 3335 primus
1142 3264 1223 3320 loccis
1239 3263 1326 3320 denir
1339 3267 1473 3336 pontifici
1487 3259 1642 3322 Romano?

308 3377 416 3422 ennom
438 3364 517 3423 nono
538 3371 651 3423 tantam
669 3371 856 3439 potestatem,
879 3379 968 3436 quom
988 3363 1044 3421 sibi
1062 3364 1171 3421 seculis
1190 3366 1302 3436 aliquot
1322 3372 1522 3438 usurparunt,
1542 3367 1642 3423 nultus

346 3467 463 3526 audiuit
481 3482 528 3525 me
555 3466 773 3538 defendentem.
817 3466 879 3523 Sed
898 3464 1046 3523 Huttenus
1072 3480 1131 3522 non
1153 3464 1220 3537 [ert
1242 3467 1410 3538 pontificem
1437 3468 1628 3541 pestilentem.
1641 3479 1710 3530 snm.

347 3569 382 3626 id
394 3573 531 3642 optamus
545 3583 659 3640 omnes,
681 3578 713 3627 ut
722 3567 866 3643 pontifex
880 3569 918 3625 sit
932 3569 978 3623 uir
992 3567 1151 3641 apostolico
1165 3568 1228 3624 loco
1243 3567 1360 3638 diqnus.
1404 3568 1478 3641 quid
1498 3570 1526 3626 si
1545 3570 1570 3626 is
1585 3583 1643 3626 non

347 3666 524 3756 continqati
538 3668 735 3743 ‘depellatur’.
760 3672 845 3744 atqui
856 3669 959 3728 eadem
976 3670 1091 3726 ratione
1111 3668 1282 3742 depellendi
1293 3678 1390 3728 essent
1403 3685 1501 3728 omnes
1514 3670 1647 3743 episcopi

348 3773 400 3844 qui
419 3787 477 3829 non
492 3769 664 3844 sunquntur
677 3771 777 3843 officio
791 3788 853 3829 suo.
894 3769 965 3829 ‘Sed
975 3771 1133 3845 precipua
1149 3771 1255 3829 mundi
1264 3773 1355 3845 pestis
1368 3773 1427 3829 iam
1441 3774 1539 3830 multis
1558 3773 1646 3829 annis

314 3874 470 3947 nfluxita
489 3872 602 3932 Roma’.
652 3873 767 3933 Utinam
782 3875 884 3932 liceret
902 3872 997 3931 istlruc
1013 3874 1160 3944 inficiari:
1176 3878 1209 3930 at
1220 3874 1280 3931 iam
1295 3875 1417 3947 contiqit
1423 3872 1576 3948 pontifex,
1596 3876 1648 3946 qui

348 3977 468 4034 summis
484 3981 517 4032 ut
530 3975 662 4034 arbitror
678 3976 789 4034 uiribus
803 3976 857 4034 troc
872 3978 942 4048 aqit,
961 3979 993 4033 ut
1006 3991 1072 4033 eom
1089 3975 1189 4033 sedem
1203 3978 1233 4032 et
1248 3977 1364 4034 curiam
1383 3975 1466 4034 nobis
1482 3984 1646 4049 purqatam

349 4076 469 4135 reddat.
504 4075 547 4134 Id
566 4092 624 4134 non
646 4084 751 4151 speret
764 4077 922 4136 Huttenus.
965 4083 995 4135 et
1008 4083 1106 4136 tumen
1123 4079 1216 4135 mutto
1234 4084 1304 4135 suat
1324 4094 1392 4151 quie
1413 4094 1494 4152 spem
1515 4080 1647 4153 utiquam

349 4177 524 4246 ostenduam
544 4184 575 4236 et
585 4178 734 4249 charitas,
748 4181 834 4237 iuxta
849 4179 989 4249 Paulum,
1005 4186 1109 4252 sperni
1122 4181 1230 4236 omnia.
1273 4179 1384 4249 Quodsi
1397 4179 1546 4239 Huttenus
1563 4182 1638 4239 uitiis
1649 4190 1715 4241 §.nn

351 4280 457 4338 betium
483 4279 594 4352 indixit
622 4295 680 4338 non
701 4280 880 4349 nominibus,
912 4279 1036 4338 Romam
1055 4285 1212 4354 properet,
1241 4280 1363 4338 adiuuet
1380 4281 1461 4339 iruna
1478 4284 1647 4354 pontificem

317 4390 342 4431 ³⁵
352 4381 407 4439 noe
423 4386 578 4439 cmontcnn
598 4381 678 4453 quod
697 4382 760 4454 ipse
778 4383 904 4440 molitur.
932 4381 1002 4439 sed
1014 4381 1160 4439 Huttenus
1174 4379 1286 4437 indixit
1299 4379 1404 4439 irettmn
1421 4380 1555 4440 Romano
1568 4398 1649 4456 pon-

351 4484 425 4554 tifici
443 4490 473 4540 et
492 4483 625 4541 omnihus
647 4485 699 4555 qm·
719 4485 765 4541 itti
779 4482 946 4543 adiicerent.
990 4483 1118 4540 etiamne
1141 4481 1214 4538 bono
1235 4481 1371 4554 pontifici
1390 4480 1497 4539 beilum
1518 4479 1651 4540 indixit?

351 4583 426 4657 quid
442 4589 540 4642 auam
559 4582 657 4655 saciet
670 4585 719 4642 iris
740 4586 793 4656 qui
812 4586 937 4642 uolentes
957 4585 1086 4641 nolentes
1109 4582 1271 4640 adiicerent
1287 4583 1422 4655 pontifici
1426 4578 1442 4639 ?
1463 4581 1538 4654 quid
1555 4581 1653 4653 saciet

353 4684 471 4744 Censori
495 4687 548 4757 qui
568 4688 705 4760 pontifici
723 4686 929 4756 ‚iunctissimus
956 4679 1022 4741 est?
1058 4682 1170 4752 (iicodsi
1191 4682 1295 4741 betleem
1314 4683 1449 4755 appellat
1472 4683 1654 4757 depopulari
1660 4720 1662 4724 .

422 4918 588 4986 *inquiunss
607 4922 758 4986 Expost.§.
773 4919 831 4970 200.
853 4920 911 4969 Hoc
934 4920 1065 4968 ridiculum
1088 4917 1160 4977 briem
1183 4919 1256 4966 maurit
1275 4916 1392 4966 Erosmo.
1447 4915 1466 4948 ¹¹
1491 4918 1650 4968 Inconstan-

355 5003 406 5070 ter]
428 5006 463 5054 cs.
478 5007 591 5069 Expost.
605 5007 644 5066 ξς,
659 5004 699 5055 33.
716 5004 772 5054 118.
790 5002 846 5054 168.
857 5021 896 5068 sq.
911 5007 939 5052 et
951 5003 1014 5052 vido
1028 5017 1111 5067 snpra
1124 4999 1213 5061 §.12st
1272 4998 1293 5031 ¹⁵
1310 5001 1365 5050 Ubi
1383 5017 1449 5051 vero
1467 4999 1527 5067 eto]
1547 5002 1584 5050 cf.
1598 5003 1650 5053 Ex·

355 5095 426 5155 post.
439 5091 463 5151 5.
476 5088 518 5140 33.
572 5088 593 5121 ³⁸
611 5086 701 5153 Paul.]
722 5105 764 5154 ep.
780 5089 800 5138 I.
815 5089 849 5138 ad
863 5087 925 5137 Cor,
940 5087 1016 5137 XIII.
1031 5087 1055 5134 7.
1108 5084 1131 5116 ⁸²
1149 5085 1239 5135 iaciat
1257 5090 1281 5135 5.
1292 5088 1315 5136 6.
