4367 6084
529 715 603 791 284
705 729 905 782 cccxxxffl.
926 741 1047 778 eeososs
1060 740 1164 778 ennom
1177 711 1321 779 novennes
1335 743 1508 782 ssesnousns
1522 745 1655 782 ιιντιειιι.

528 922 620 978 mum,
649 905 729 979 quod
750 903 835 978 apud
858 901 959 959 Gallos
983 901 1106 959 Greecas
1127 903 1231 960 literas
1250 904 1389 974 pnaviter
1408 905 1600 975 protexisset.
1645 903 1754 962 deinde
1775 904 1821 962 nii

527 1012 586 1067 tum
605 1008 768 1085 destinatus
789 1010 864 1063 esset
886 1003 1029 1074 alcone,
1053 1010 1085 1060 ut
1104 1004 1189 1076 apud
1205 1019 1258 1061 nos
1274 1004 1434 1062 Lutlserum
1456 1006 1656 1078 oppupnoren
1675 1022 1819 1079 concepe-

528 1115 579 1165 ναι
599 1111 629 1165 in
651 1123 697 1164 me
718 1108 817 1164 adhuc
840 1104 943 1163 nonu
963 1120 1056 1177 opens
1077 1106 1175 1162 nescio
1196 1105 1270 1178 qvid
1289 1105 1445 1176 stomachi,
1467 1112 1501 1163 ut
1519 1123 1560 1165 eu
1580 1108 1661 1165 illivs
1682 1108 1727 1164 ad
1744 1107 1817 1165 Leo-

528 1210 658 1268 diensem
678 1210 844 1281 episcopum
867 1208 960 1264 literis
981 1208 1129 1264 intellecti:
1151 1208 1180 1264 in
1202 1222 1295 1264 cansa
1313 1207 1420 1279 sumat
1437 1209 1560 1281 epistola
1582 1224 1672 1280 ovam
1693 1210 1818 1265 omnivm

458 1308 525 1357 §³³⁰-
536 1312 665 1383 primum
681 1312 861 1383 seripserunt
875 1308 1016 1378 Ltetlnero,
1035 1308 1073 1365 alt
1086 1310 1150 1381 ipso
1167 1315 1352 1381 provocatus.
1384 1308 1438 1367 tlon·
1451 1311 1542 1378 venit,
1556 1311 1735 1383 priusquam
1749 1311 1837 1367 adi-³

525 1420 570 1469 ret
593 1410 805 1479 deviantium,
832 1417 993 1482 occupatus
1008 1415 1063 1467 est
1087 1426 1107 1466 n
1134 1412 1238 1481 linpuu
1267 1410 1398 1482 quodum
1424 1412 1552 1467 omnium
1568 1413 1818 1483 pestilentissima,

524 1528 592 1586 pute
614 1514 695 1570 illum
717 1519 804 1570 totum
827 1513 957 1585 implevit
977 1513 1111 1568 venenis:
1140 1527 1233 1583 neque
1251 1511 1285 1568 id
1305 1526 1363 1569 non
1386 1511 1555 1569 divinarum
1574 1511 1731 1582 futurum:
1760 1514 1818 1570 ito-

524 1631 580 1686 que
596 1615 726 1687 primum
745 1615 823 1670 uisus
839 1619 883 1670 est
901 1612 1052 1670 Aleander
1070 1611 1207 1685 sopitare
1228 1614 1403 1685 colloquium
1422 1630 1531 1683 mento,
1555 1615 1652 1672 neseio
1674 1613 1750 1686 quid
1766 1631 1818 1670 su-

525 1718 645 1789 spicans
674 1715 711 1772 de
735 1730 790 1773 me.
835 1714 952 1772 totidem
979 1721 1008 1771 et
1029 1729 1112 1771 voces
1132 1713 1271 1786 quendam
1290 1714 1416 1771 [veranii
1437 1715 1657 1787 sparpelunlvr
1680 1716 1761 1772 illins
1782 1716 1818 1771 de

456 1816 522 1866 §³³¹-
536 1831 582 1874 me
601 1831 712 1890 purum
732 1816 843 1873 amice:
866 1814 1011 1873 nihildum
1034 1798 1131 1872 tamen
1153 1823 1220 1873 erat
1242 1822 1339 1875 atron.
1388 1815 1446 1873 lilii
1465 1832 1572 1874 mersus
1592 1822 1708 1874 ventum
1730 1819 1847 1874 astino

522 1933 589 1976 eum
610 1918 727 1987 vrbem,
755 1917 806 1974 uli
831 1931 972 1974 venenum
998 1916 1143 1975 hauserat
1167 1915 1251 1988 (nom
1273 1919 1345 1974 illac
1367 1917 1470 1975 Caesar
1489 1916 1645 1991 profectus
1662 1926 1707 1976 est
1729 1918 1813 1975 Coto-

521 2021 630 2091 nium),
658 2021 718 2076 iam
740 2020 840 2076 iritato
865 2035 971 2075 rursus
992 2018 1112 2076 addidit
1129 2020 1182 2075 illa
1204 2020 1285 2090 aspis
1304 2021 1408 2076 veneni
1427 2018 1577 2076 nonniliil:
1608 2020 1707 2091 itaque
1730 2018 1816 2077 Colo-

521 2123 580 2178 rein
592 2122 708 2194 possim
730 2120 804 2178 milti
823 2118 997 2191 referebant
1014 2121 1096 2177 illum
1119 2119 1204 2192 apud
1224 2127 1378 2191 mopnntes
1398 2126 1427 2177 et
1447 2121 1476 2177 in
1499 2119 1662 2178 celebribus
1679 2121 1817 2177 coreviviis

522 2224 720 2282 inimicissime
747 2224 829 2295 loqui
855 2221 893 2278 de
919 2236 983 2288 me,·
1014 2237 1068 2279 nec
1089 2223 1206 2278 interim
1227 2236 1404 2292 eopnoscere
1423 2223 1509 2294 potui
1529 2220 1580 2278 uid
1599 2220 1814 2278 diversaretur.

521 2324 640 2382 tandem
666 2327 865 2397 pervestipoto
893 2323 1057 2380 diversorio
1081 2325 1150 2380 misi
1172 2323 1215 2379 ad
1241 2323 1324 2381 illum
1349 2321 1498 2393 samolum
1518 2325 1573 2393 otti
1590 2324 1751 2380 nunciaret
1772 2334 1846 2379 meo

521 2442 632 2499 cupere
652 2427 781 2497 colloqui
799 2441 866 2483 cum
888 2440 939 2491 co,·
960 2426 1010 2482 ilie
1034 2426 1119 2481 lutus
1139 2430 1168 2480 et
1188 2426 1293 2482 alacer
1315 2425 1419 2482 invitot
1439 2423 1483 2479 ud
1499 2422 1664 2496 prandium
1672 2443 1683 2490 ,·
1703 2440 1814 2482 excuso

452 2529 519 2578 ιλιι.
532 2527 569 2584 ιιι
587 2526 734 2600 prvndio,
763 2526 818 2583 sed
844 2541 863 2581 a
889 2525 1021 2599 prandio
1048 2527 1131 2584 venio
1153 2525 1196 2582 nd
1216 2528 1403 2598 colloquium.
1447 2525 1496 2582 illc
1517 2526 1677 2583 venientem
1697 2540 1812 2582 summa

519 2644 585 2686 cum
608 2628 791 2684 humanitate
813 2629 944 2698 accepit:
968 2628 1106 2685 collocuti
1125 2641 1226 2684 sumus
1248 2626 1329 2684 noris
1349 2628 1476 2699 aliquot·
1503 2628 1728 2699 expostulamus
1746 2643 1814 2684 mtt-

519 2736 584 2786 tuo:
601 2743 671 2784 nom
692 2735 721 2784 et
740 2729 788 2784 illi
806 2729 977 2785 nteuciutum
1000 2732 1069 2785 erat
1084 2743 1130 2784 me
1148 2744 1231 2785 voces
1245 2728 1390 2800 qeeasdum
1413 2729 1548 2785 inimicas
1564 2729 1595 2784 in
1616 2729 1698 2785 illum
1719 2745 1812 2802 spar-

518 2831 603 2896 sisse,
632 2844 687 2886 ncc
710 2828 744 2884 id
769 2829 887 2886 oosnino
913 2843 1022 2885 uanum
1050 2833 1133 2886 erat:
1155 2838 1273 2902 otiosius
1295 2830 1381 2887 enim
1394 2844 1478 2887 mom
1499 2828 1585 2902 apud
1605 2831 1710 2887 maltos
1731 2832 1844 2888 illumin

518 2930 662 2986 adversus
682 2928 843 2987 Lutieerum
866 2931 985 2986 missum
1006 2931 1050 2987 sic
1071 2929 1255 2989 debacchari
1274 2932 1304 2988 in
1326 2946 1386 3001 me,
1409 2931 1497 3003 qeeusi
1515 2929 1640 2987 lutheri
1659 2933 1812 3003 rsepoeium

518 3031 561 3087 ad
581 3045 627 3087 me
644 3031 818 3102 pertineret.
856 3038 927 3104 post
944 3036 1073 3088 mutuam
1092 3033 1353 3105 expostulationem
1379 3032 1537 3090 discessum
1559 3037 1602 3089 cst
1621 3047 1687 3089 ιιιιιι
1703 3035 1811 3103 osculo,

448 3134 515 3183 §.¹³2
528 3134 632 3191 veteris
649 3133 787 3190 amicitite
802 3132 938 3207 symbolo.
982 3132 1100 3191 Rursus
1119 3134 1148 3190 in
1167 3134 1290 3191 coneilio
1311 3133 1525 3191 Wormaciensi
1544 3148 1632 3205 aetum
1647 3134 1722 3191 milti
1733 3136 1811 3191 scri-

517 3235 618 3293 berent
638 3234 759 3307 quidam
781 3250 821 3292 ea
840 3235 946 3292 villicis
967 3236 1051 3292 illum
1073 3234 1142 3291 dira
1163 3236 1193 3292 in
1217 3250 1262 3291 me
1280 3237 1388 3304 moliri,
1411 3236 1498 3292 misso
1516 3236 1642 3307 proprio
1657 3235 1810 3292 tabellione

515 3353 571 3410 per
593 3338 696 3394 literas
715 3337 787 3393 satis
808 3335 918 3394 liberos
938 3337 1126 3409 expostulavi
1146 3351 1212 3394 eum
1236 3351 1284 3405 eo,
1311 3337 1471 3408 eodemque
1498 3336 1536 3393 de
1557 3353 1591 3394 re
1612 3337 1725 3410 scripsi
1743 3337 1841 3409 cpi-n

447 3446 513 3495 §.lon
526 3453 613 3511 scopo
630 3431 788 3495 leodiensi
806 3438 888 3494 illius
900 3446 1037 3510 patrono.
1073 3438 1223 3496 Aloander
1237 3455 1271 3495 se
1287 3439 1431 3512 purpovit
1448 3438 1521 3494 mini
1535 3454 1593 3510 per
1606 3439 1719 3495 literas.
1756 3436 1814 3509 tlon·

515 3541 634 3597 dimisso
657 3540 781 3597 concilio
802 3554 938 3597 reversus
962 3543 1005 3596 est
1026 3537 1219 3602 Brurellom,
1247 3540 1314 3598 adii
1335 3539 1498 3604 homiuem·
1525 3540 1684 3614 colloquuti
1709 3554 1810 3596 snmus

514 3641 605 3698 horas
624 3639 723 3711 ferme
744 3641 890 3711 quinque·
909 3639 960 3709 ibi,
980 3646 1013 3697 ut
1028 3650 1070 3697 est
1086 3643 1187 3713 aperti
1208 3641 1302 3696 antimi
1321 3639 1481 3712 liberteque
1502 3642 1627 3711 linqua,
1649 3639 1759 3710 effudit
1779 3642 1808 3697 in

514 3757 560 3799 me
570 3741 671 3812 serim
692 3755 759 3814 queo
774 3755 854 3797 nunc
868 3739 966 3798 obiicit
978 3740 1137 3812 Huttenus,
1161 3757 1206 3803 mc
1226 3743 1352 3799 iactasse
1369 3743 1450 3799 illum
1467 3757 1529 3799 esse
1544 3748 1645 3798 natum
1663 3740 1808 3804 ludtentn,

445 3843 512 3893 ιλιι·
524 3857 569 3899 me
583 3843 629 3900 illi
642 3843 770 3899 molitum
782 3838 879 3910 fuisse
894 3841 1032 3911 exitium,
1054 3850 1082 3901 et
1096 3843 1170 3915 quid
1185 3837 1266 3900 non?
1285 3841 1334 3900 lta
1351 3843 1477 3901 candidi
1494 3844 1541 3901 ilii
1558 3859 1596 3900 ac
1607 3841 1704 3913 sortes
1719 3846 1809 3902 antici
1817 3856 1840 3895 so

515 3943 657 3998 Germani
680 3947 767 3999 totvm
785 3942 927 3998 invidiam
943 3944 972 3998 in
989 3958 1034 4000 rne
1050 3943 1245 4002 devolverent.
1288 3943 1421 4001 Primum
1437 3944 1514 4002 iliud
1526 3944 1638 4013 dicant,
1658 3960 1713 4002 nec
1729 3946 1809 4003 ami-

511 4044 611 4101 citiam
636 4058 690 4099 nec
707 4043 889 4099 inimicitiam
905 4059 972 4114 qum
993 4044 1067 4102 milei
1083 4044 1148 4116 sou
1167 4061 1233 4103 eum
1253 4045 1419 4115 Aleandro,
1444 4047 1600 4118 qtticouam
1623 4048 1751 4105 attinere
1768 4048 1811 4104 ad

512 4158 635 4200 euersum
655 4142 795 4200 Lutlcri:
816 4149 883 4200 erut
899 4145 1013 4202 amicus
1035 4153 1193 4220 antequam
1213 4145 1348 4205 aitditum
1370 4154 1445 4204 esset
1465 4147 1589 4204 Littlteri
1608 4162 1733 4215 nomem·
1755 4165 1808 4206 nec

464 4292 466 4296 ,
513 4244 548 4302 oh
566 4243 727 4303 Lutlierum
749 4245 795 4302 illi
811 4243 915 4315 sactus
933 4262 997 4304 snm
1020 4249 1180 4317 inimicus,
1195 4248 1250 4306 sed
1264 4249 1344 4321 quod
1360 4264 1406 4305 mc
1423 4250 1486 4305 sine
1505 4263 1599 4306 consa
1618 4251 1809 4321 perstrinpe-

444 4351 512 4401 §.los
524 4354 583 4417 ret,
604 4352 636 4404 ut
652 4346 785 4417 aiebant,
809 4362 846 4405 ae
863 4347 962 4406 odioso
977 4351 1097 4420 nepocio
1113 4351 1280 4407 involveret.
1327 4349 1438 4419 Quodsi
1454 4366 1511 4422 per
1531 4352 1651 4420 linpuas
1673 4351 1839 4408 virulen-ss

511 4453 557 4505 tas
586 4449 715 4507 licuisset
738 4464 805 4507 oum
835 4449 987 4507 Alcandro
1011 4456 1189 4524 perpetuam
1220 4451 1330 4508 dooere
1357 4452 1530 4519 amicitiam,
1556 4448 1687 4520 fortusse
1710 4453 1808 4509 minvs

510 4550 608 4608 odiose
627 4557 741 4622 pastum
756 4550 865 4621 suisset
880 4549 1006 4608 Lutlteri
1019 4553 1187 4624 nepoeium,
1208 4568 1263 4610 nec
1282 4554 1311 4609 in
1334 4559 1375 4610 tot
1392 4552 1512 4610 urbibus
1528 4558 1685 4610 renovatus
1698 4551 1809 4622 suisset

508 4650 612 4722 sumus
632 4657 661 4709 et
682 4652 864 4723 incendium,
893 4668 961 4725 oeteo
984 4668 1033 4711 res
1055 4653 1130 4709 rtileil
1150 4654 1236 4711 aliud
1255 4670 1344 4726 qetam
1369 4654 1491 4711 triental
1511 4654 1625 4712 animos
1646 4653 1805 4712 tantinum.

512 4751 569 4819 [lui
585 4754 672 4824 prius
690 4754 845 4810 irascebar
866 4755 996 4811 molienti
1012 4755 1193 4826 perniciem,
1215 4772 1271 4812 cur
1288 4771 1346 4813 non
1366 4757 1468 4826 fierem
1489 4757 1601 4828 amicus
1619 4756 1678 4813 iam
1696 4763 1806 4813 mutato

508 4852 605 4910 studio
620 4855 790 4925 periculum
813 4850 991 4926 depellenti?
1012 4871 1082 4912 num
1104 4855 1137 4912 id
1158 4858 1220 4929 ipse
1241 4856 1314 4914 milti
1335 4856 1478 4914 deieraoit
1500 4856 1671 4925 Bruxellte,
1693 4867 1722 4914 et
1736 4865 1805 4931 post
1813 4870 1836 4909 ιι

510 4953 541 5007 in
566 4952 755 5010 Germaniam
774 4970 911 5011 reversus
928 4958 1052 5026 copnovi
1072 4972 1131 5014 non
1153 4973 1215 5014 esse
1236 4972 1344 5014 uarium
1366 4974 1407 5015 eu
1428 4957 1474 5014 itis
1497 4959 1550 5029 neti
1568 4958 1689 5029 nepocio
1707 4961 1803 5016 inter-

442 5057 508 5107 ino.
518 5048 654 5120 suerunt.
700 5052 780 5121 outa
796 5060 892 5112 autem
905 5055 1030 5128 flooldi,
1052 5059 1080 5114 si
1088 5055 1242 5115 Aleonder
1262 5059 1292 5116 in
1309 5059 1393 5118 liaris
1409 5060 1480 5117 meis
1493 5060 1682 5133 predicetur
1702 5063 1802 5118 tritin-
