<?xml version="1.0" encoding="UTF-8"?>
<!DOCTYPE html PUBLIC "-//W3C//DTD XHTML 1.0 Transitional//EN"
    "http://www.w3.org/TR/xhtml1/DTD/xhtml1-transitional.dtd">
<html xmlns="http://www.w3.org/1999/xhtml" xml:lang="en" lang="en">
 <head>
  <title>
</title>
<meta http-equiv="Content-Type" content="text/html;charset=utf-8" />
  <meta name='ocr-system' content='tesseract 3.04.00' />
  <meta name='ocr-capabilities' content='ocr_page ocr_carea ocr_par ocr_line ocrx_word'/>
</head>
<body>
  <div class='ocr_page' id='page_1' title='image "./ulrichihuttenie02huttgoog_0176.png"; bbox 0 0 4367 6084; ppageno 0'>
   <div class='ocr_carea' id='block_1_1' title="bbox 562 740 1689 820">
    <p class='ocr_par' dir='ltr' id='par_1_1' title="bbox 562 740 1689 820">
     <span class='ocr_line' id='line_1_1' title="bbox 562 740 1689 820; baseline -0.001 -16"><span class='ocrx_word' id='word_1_1' title='bbox 562 750 695 805; x_wconf 83' lang='lat' dir='ltr'>CCGVII.</span> <span class='ocrx_word' id='word_1_2' title='bbox 709 768 814 804; x_wconf 66' lang='lat' dir='ltr'>narsiti</span> <span class='ocrx_word' id='word_1_3' title='bbox 825 768 941 820; x_wconf 69' lang='lat' dir='ltr'>noman</span> <span class='ocrx_word' id='word_1_4' title='bbox 955 768 1068 804; x_wconf 73' lang='lat' dir='ltr'>unacurt</span> <span class='ocrx_word' id='word_1_5' title='bbox 1082 769 1228 805; x_wconf 63' lang='lat' dir='ltr'>nai&#39;nrsrsr</span> <span class='ocrx_word' id='word_1_6' title='bbox 1240 770 1282 803; x_wconf 77' lang='lat' dir='ltr'>nr.</span> <span class='ocrx_word' id='word_1_7' title='bbox 1297 770 1323 804; x_wconf 86' lang='lat' dir='ltr'>n.</span> <span class='ocrx_word' id='word_1_8' title='bbox 1340 762 1357 803; x_wconf 92' lang='lat' dir='ltr'>t.</span> <span class='ocrx_word' id='word_1_9' title='bbox 1371 770 1451 805; x_wconf 77' lang='lat' dir='ltr'>enon.</span> <span class='ocrx_word' id='word_1_10' title='bbox 1469 764 1527 806; x_wconf 64' lang='lat'><strong>¹523.</strong></span> <span class='ocrx_word' id='word_1_11' title='bbox 1619 740 1689 813; x_wconf 79' lang='lat'>165</span> 
     </span>
    </p>
   </div>
   <div class='ocr_carea' id='block_1_2' title="bbox 327 924 1757 4710">
    <p class='ocr_par' dir='ltr' id='par_1_2' title="bbox 385 924 1689 1257">
     <span class='ocr_line' id='line_1_2' title="bbox 387 924 1689 1005; baseline 0.002 -20"><span class='ocrx_word' id='word_1_12' title='bbox 387 928 559 1003; x_wconf 79' lang='lat' dir='ltr'><strong>loquacibus</strong></span> <span class='ocrx_word' id='word_1_13' title='bbox 583 928 697 1001; x_wconf 88' lang='lat' dir='ltr'>picturis</span> <span class='ocrx_word' id='word_1_14' title='bbox 720 926 841 983; x_wconf 76' lang='lat' dir='ltr'>alliciens</span> <span class='ocrx_word' id='word_1_15' title='bbox 864 945 894 982; x_wconf 91' lang='lat' dir='ltr'>ac</span> <span class='ocrx_word' id='word_1_16' title='bbox 917 944 1056 982; x_wconf 90' lang='lat' dir='ltr'>remorans</span> <span class='ocrx_word' id='word_1_17' title='bbox 1078 924 1173 982; x_wconf 91' lang='lat' dir='ltr'>oculos</span> <span class='ocrx_word' id='word_1_18' title='bbox 1189 927 1336 982; x_wconf 92' lang='lat' dir='ltr'>hominum.</span> <span class='ocrx_word' id='word_1_19' title='bbox 1375 929 1400 983; x_wconf 92' lang='lat' dir='ltr'>in</span> <span class='ocrx_word' id='word_1_20' title='bbox 1417 930 1475 985; x_wconf 91' lang='lat' dir='ltr'>aula</span> <span class='ocrx_word' id='word_1_21' title='bbox 1493 931 1584 986; x_wconf 62' lang='lat' dir='ltr'>aestiva</span> <span class='ocrx_word' id='word_1_22' title='bbox 1601 950 1689 1005; x_wconf 86' lang='lat' dir='ltr'>quam.</span> 
     </span>
     <span class='ocr_line' id='line_1_3' title="bbox 386 1010 1687 1088; baseline 0.002 -19"><span class='ocrx_word' id='word_1_23' title='bbox 386 1024 422 1069; x_wconf 90' lang='lat' dir='ltr'>ut</span> <span class='ocrx_word' id='word_1_24' title='bbox 446 1015 501 1074; x_wconf 85' lang='lat' dir='ltr'>ait,</span> <span class='ocrx_word' id='word_1_25' title='bbox 527 1014 593 1068; x_wconf 90' lang='lat' dir='ltr'>mihi</span> <span class='ocrx_word' id='word_1_26' title='bbox 616 1020 772 1087; x_wconf 70' lang='lat' dir='ltr'>pertrectat,</span> <span class='ocrx_word' id='word_1_27' title='bbox 808 1012 930 1085; x_wconf 81' lang='lat' dir='ltr'>proxime</span> <span class='ocrx_word' id='word_1_28' title='bbox 957 1028 1076 1066; x_wconf 85' lang='lat' dir='ltr'>naeusam</span> <span class='ocrx_word' id='word_1_29' title='bbox 1106 1010 1195 1066; x_wconf 89' lang='lat' dir='ltr'>stabat</span> <span class='ocrx_word' id='word_1_30' title='bbox 1222 1011 1321 1067; x_wconf 84' lang='lat' dir='ltr'>Paulus</span> <span class='ocrx_word' id='word_1_31' title='bbox 1350 1013 1451 1068; x_wconf 88' lang='lat' dir='ltr'>docens</span> <span class='ocrx_word' id='word_1_32' title='bbox 1480 1015 1627 1088; x_wconf 82' lang='lat' dir='ltr'>populum:</span> <span class='ocrx_word' id='word_1_33' title='bbox 1662 1019 1687 1071; x_wconf 92' lang='lat' dir='ltr'>in</span> 
     </span>
     <span class='ocr_line' id='line_1_4' title="bbox 386 1095 1688 1174; baseline 0.001 -21"><span class='ocrx_word' id='word_1_34' title='bbox 386 1099 483 1154; x_wconf 75' lang='lat' dir='ltr'>altero</span> <span class='ocrx_word' id='word_1_35' title='bbox 506 1099 612 1172; x_wconf 88' lang='lat' dir='ltr'>pariete</span> <span class='ocrx_word' id='word_1_36' title='bbox 635 1095 745 1152; x_wconf 87' lang='lat' dir='ltr'>sedehat</span> <span class='ocrx_word' id='word_1_37' title='bbox 767 1096 891 1174; x_wconf 62' lang='lat' dir='ltr'>dhristns</span> <span class='ocrx_word' id='word_1_38' title='bbox 915 1097 941 1150; x_wconf 90' lang='lat' dir='ltr'>in</span> <span class='ocrx_word' id='word_1_39' title='bbox 965 1104 1070 1154; x_wconf 89' lang='lat' dir='ltr'>moute.</span> <span class='ocrx_word' id='word_1_40' title='bbox 1094 1095 1194 1150; x_wconf 85' lang='lat' dir='ltr'>docens</span> <span class='ocrx_word' id='word_1_41' title='bbox 1217 1113 1281 1151; x_wconf 80' lang='lat' dir='ltr'>siros</span> <span class='ocrx_word' id='word_1_42' title='bbox 1303 1097 1467 1171; x_wconf 84' lang='lat' dir='ltr'>discipulos:</span> <span class='ocrx_word' id='word_1_43' title='bbox 1492 1109 1547 1154; x_wconf 91' lang='lat' dir='ltr'>tum</span> <span class='ocrx_word' id='word_1_44' title='bbox 1570 1099 1688 1173; x_wconf 89' lang='lat' dir='ltr'>apostoli</span> 
     </span>
     <span class='ocr_line' id='line_1_5' title="bbox 385 1179 1689 1257; baseline 0.001 -19"><span class='ocrx_word' id='word_1_45' title='bbox 385 1201 444 1257; x_wconf 84' lang='lat' dir='ltr'>per</span> <span class='ocrx_word' id='word_1_46' title='bbox 467 1184 533 1255; x_wconf 87' lang='lat' dir='ltr'>iuga</span> <span class='ocrx_word' id='word_1_47' title='bbox 556 1182 760 1256; x_wconf 87' lang='lat' dir='ltr'>proficiscentes</span> <span class='ocrx_word' id='word_1_48' title='bbox 783 1182 815 1236; x_wconf 90' lang='lat' dir='ltr'>ad</span> <span class='ocrx_word' id='word_1_49' title='bbox 838 1179 969 1252; x_wconf 85' lang='lat' dir='ltr'>evangelii</span> <span class='ocrx_word' id='word_1_50' title='bbox 1000 1180 1228 1253; x_wconf 72' lang='lat' dir='ltr'>predicationem.</span> <span class='ocrx_word' id='word_1_51' title='bbox 1274 1182 1420 1237; x_wconf 90' lang='lat' dir='ltr'>secuudum</span> <span class='ocrx_word' id='word_1_52' title='bbox 1451 1184 1593 1239; x_wconf 81' lang='lat' dir='ltr'>fratriarhrm</span> <span class='ocrx_word' id='word_1_53' title='bbox 1624 1204 1689 1240; x_wconf 91' lang='lat' dir='ltr'>cou-</span> 
     </span>
    </p>

    <p class='ocr_par' dir='ltr' id='par_1_3' title="bbox 341 1264 1756 1678">
     <span class='ocr_line' id='line_1_6' title="bbox 341 1264 1688 1339; baseline 0.001 -18"><span class='ocrx_word' id='word_1_54' title='bbox 341 1275 360 1313; x_wconf 65' lang='grc' dir='ltr'>ὁ</span> <span class='ocrx_word' id='word_1_55' title='bbox 386 1268 531 1322; x_wconf 70' lang='lat' dir='ltr'>sistebant</span> <span class='ocrx_word' id='word_1_56' title='bbox 553 1266 725 1324; x_wconf 87' lang='lat' dir='ltr'>sacerdotes.</span> <span class='ocrx_word' id='word_1_57' title='bbox 756 1265 851 1320; x_wconf 76' lang='lat' dir='ltr'>scribae</span> <span class='ocrx_word' id='word_1_58' title='bbox 873 1273 901 1319; x_wconf 87' lang='lat' dir='ltr'>et</span> <span class='ocrx_word' id='word_1_59' title='bbox 923 1265 1048 1337; x_wconf 75' lang='lat' dir='ltr'>pharisaei</span> <span class='ocrx_word' id='word_1_60' title='bbox 1071 1281 1131 1319; x_wconf 89' lang='lat' dir='ltr'>cum</span> <span class='ocrx_word' id='word_1_61' title='bbox 1161 1264 1314 1320; x_wconf 88' lang='lat' dir='ltr'>senioribus</span> <span class='ocrx_word' id='word_1_62' title='bbox 1342 1268 1531 1339; x_wconf 72' lang='lat' dir='ltr'><strong>conspirantes</strong></span> <span class='ocrx_word' id='word_1_63' title='bbox 1560 1269 1688 1325; x_wconf 83' lang='lat' dir='ltr'>adversus</span> 
     </span>
     <span class='ocr_line' id='line_1_7' title="bbox 386 1340 1689 1424; baseline 0 -17"><span class='ocrx_word' id='word_1_64' title='bbox 386 1351 567 1424; x_wconf 73' lang='lat' dir='ltr'>evangelium</span> <span class='ocrx_word' id='word_1_65' title='bbox 590 1352 641 1405; x_wconf 89' lang='lat' dir='ltr'>iam</span> <span class='ocrx_word' id='word_1_66' title='bbox 664 1349 853 1410; x_wconf 86' lang='lat' dir='ltr'>subolescens;</span> <span class='ocrx_word' id='word_1_67' title='bbox 877 1348 939 1403; x_wconf 89' lang='lat' dir='ltr'>alibi</span> <span class='ocrx_word' id='word_1_68' title='bbox 962 1348 1095 1404; x_wconf 72' lang='lat' dir='ltr'>canebant</span> <span class='ocrx_word' id='word_1_69' title='bbox 1118 1340 1214 1403; x_wconf 73' lang='lat' dir='ltr'>norem</span> <span class='ocrx_word' id='word_1_70' title='bbox 1237 1367 1348 1405; x_wconf 89' lang='lat' dir='ltr'>sorores</span> <span class='ocrx_word' id='word_1_71' title='bbox 1371 1350 1519 1423; x_wconf 82' lang='lat' dir='ltr'>Apollinis.</span> <span class='ocrx_word' id='word_1_72' title='bbox 1543 1353 1606 1407; x_wconf 87' lang='lat' dir='ltr'>alihi</span> <span class='ocrx_word' id='word_1_73' title='bbox 1622 1354 1689 1408; x_wconf 85' lang='lat' dir='ltr'>Cha-</span> 
     </span>
     <span class='ocr_line' id='line_1_8' title="bbox 386 1425 1688 1511; baseline 0.001 -20"><span class='ocrx_word' id='word_1_74' title='bbox 386 1438 462 1492; x_wconf 87' lang='lat' dir='ltr'>rites</span> <span class='ocrx_word' id='word_1_75' title='bbox 486 1436 578 1497; x_wconf 69' lang='lat' dir='ltr'>arido,</span> <span class='ocrx_word' id='word_1_76' title='bbox 602 1435 733 1508; x_wconf 84' lang='lat' dir='ltr'>simplicis</span> <span class='ocrx_word' id='word_1_77' title='bbox 754 1432 949 1489; x_wconf 84' lang='lat' dir='ltr'>benevolentiae</span> <span class='ocrx_word' id='word_1_78' title='bbox 972 1443 999 1487; x_wconf 89' lang='lat' dir='ltr'>et</span> <span class='ocrx_word' id='word_1_79' title='bbox 1021 1433 1146 1488; x_wconf 80' lang='lat' dir='ltr'>amicitia·</span> <span class='ocrx_word' id='word_1_80' title='bbox 1168 1450 1222 1487; x_wconf 91' lang='lat' dir='ltr'>non</span> <span class='ocrx_word' id='word_1_81' title='bbox 1247 1434 1342 1490; x_wconf 77' lang='lat' dir='ltr'>toeuae</span> <span class='ocrx_word' id='word_1_82' title='bbox 1357 1425 1517 1508; x_wconf 70' lang='lat' dir='ltr'>symbolum.</span> <span class='ocrx_word' id='word_1_83' title='bbox 1551 1437 1602 1491; x_wconf 88' lang='lat' dir='ltr'>Sed</span> <span class='ocrx_word' id='word_1_84' title='bbox 1625 1438 1688 1511; x_wconf 93' lang='lat' dir='ltr'>quid</span> 
     </span>
     <span class='ocr_line' id='line_1_9' title="bbox 388 1517 1687 1595; baseline 0.001 -19"><span class='ocrx_word' id='word_1_85' title='bbox 388 1538 448 1593; x_wconf 82' lang='lat' dir='ltr'>ego</span> <span class='ocrx_word' id='word_1_86' title='bbox 471 1536 623 1595; x_wconf 88' lang='lat' dir='ltr'>persequar</span> <span class='ocrx_word' id='word_1_87' title='bbox 645 1527 729 1574; x_wconf 90' lang='lat' dir='ltr'>totam</span> <span class='ocrx_word' id='word_1_88' title='bbox 752 1518 825 1572; x_wconf 87' lang='lat' dir='ltr'>illius</span> <span class='ocrx_word' id='word_1_89' title='bbox 848 1519 957 1573; x_wconf 92' lang='lat' dir='ltr'>domum</span> <span class='ocrx_word' id='word_1_90' title='bbox 981 1517 1097 1590; x_wconf 86' lang='lat' dir='ltr'>epistola</span> <span class='ocrx_word' id='word_1_91' title='bbox 1119 1518 1280 1591; x_wconf 87' lang='lat' dir='ltr'>depingere,</span> <span class='ocrx_word' id='word_1_92' title='bbox 1303 1520 1380 1574; x_wconf 87' lang='lat' dir='ltr'>cuins</span> <span class='ocrx_word' id='word_1_93' title='bbox 1404 1520 1514 1581; x_wconf 86' lang='lat' dir='ltr'>nitelas,</span> <span class='ocrx_word' id='word_1_94' title='bbox 1543 1523 1620 1576; x_wconf 80' lang='lat' dir='ltr'>carius</span> <span class='ocrx_word' id='word_1_95' title='bbox 1641 1523 1687 1577; x_wconf 88' lang='lat' dir='ltr'>de·</span> 
     </span>
     <span class='ocr_line' id='line_1_10' title="bbox 390 1600 1756 1678; baseline 0.003 -20"><span class='ocrx_word' id='word_1_96' title='bbox 390 1605 468 1660; x_wconf 84' lang='lat' dir='ltr'>litias</span> <span class='ocrx_word' id='word_1_97' title='bbox 492 1605 534 1659; x_wconf 84' lang='lat' dir='ltr'>rin</span> <span class='ocrx_word' id='word_1_98' title='bbox 556 1604 647 1659; x_wconf 85' lang='lat' dir='ltr'>decom</span> <span class='ocrx_word' id='word_1_99' title='bbox 670 1602 764 1658; x_wconf 87' lang='lat' dir='ltr'>diebus</span> <span class='ocrx_word' id='word_1_100' title='bbox 787 1600 954 1675; x_wconf 88' lang='lat' dir='ltr'>perlustrare</span> <span class='ocrx_word' id='word_1_101' title='bbox 977 1602 1083 1675; x_wconf 84' lang='lat' dir='ltr'>possis?</span> <span class='ocrx_word' id='word_1_102' title='bbox 1117 1602 1167 1656; x_wconf 85' lang='lat' dir='ltr'>Sed</span> <span class='ocrx_word' id='word_1_103' title='bbox 1192 1603 1218 1657; x_wconf 93' lang='lat' dir='ltr'>in</span> <span class='ocrx_word' id='word_1_104' title='bbox 1243 1604 1307 1657; x_wconf 88' lang='lat' dir='ltr'>totis</span> <span class='ocrx_word' id='word_1_105' title='bbox 1330 1604 1432 1659; x_wconf 76' lang='lat' dir='ltr'>aedibus</span> <span class='ocrx_word' id='word_1_106' title='bbox 1460 1606 1578 1678; x_wconf 89' lang='lat' dir='ltr'>undique</span> <span class='ocrx_word' id='word_1_107' title='bbox 1608 1618 1756 1667; x_wconf 69' lang='lat' dir='ltr'>orna-§.tt</span> 
     </span>
    </p>

    <p class='ocr_par' dir='ltr' id='par_1_4' title="bbox 333 1686 1689 2100">
     <span class='ocr_line' id='line_1_11' title="bbox 333 1686 1689 1763; baseline 0.001 -19"><span class='ocrx_word' id='word_1_108' title='bbox 333 1690 513 1745; x_wconf 65' lang='lat' dir='ltr'>notissimis</span> <span class='ocrx_word' id='word_1_109' title='bbox 535 1688 602 1743; x_wconf 91' lang='lat' dir='ltr'>nihil</span> <span class='ocrx_word' id='word_1_110' title='bbox 626 1697 668 1742; x_wconf 88' lang='lat' dir='ltr'>est</span> <span class='ocrx_word' id='word_1_111' title='bbox 691 1687 813 1742; x_wconf 89' lang='lat' dir='ltr'>ornatius</span> <span class='ocrx_word' id='word_1_112' title='bbox 837 1687 896 1759; x_wconf 90' lang='lat' dir='ltr'>ipso</span> <span class='ocrx_word' id='word_1_113' title='bbox 919 1687 1041 1759; x_wconf 88' lang='lat' dir='ltr'>hospite:</span> <span class='ocrx_word' id='word_1_114' title='bbox 1065 1686 1152 1742; x_wconf 83' lang='lat' dir='ltr'>Musas</span> <span class='ocrx_word' id='word_1_115' title='bbox 1176 1694 1203 1741; x_wconf 90' lang='lat' dir='ltr'>ct</span> <span class='ocrx_word' id='word_1_116' title='bbox 1218 1687 1322 1742; x_wconf 79' lang='lat' dir='ltr'>Gratias</span> <span class='ocrx_word' id='word_1_117' title='bbox 1337 1690 1424 1761; x_wconf 84' lang='lat' dir='ltr'>inagis</span> <span class='ocrx_word' id='word_1_118' title='bbox 1440 1690 1520 1745; x_wconf 91' lang='lat' dir='ltr'>habet</span> <span class='ocrx_word' id='word_1_119' title='bbox 1536 1691 1561 1743; x_wconf 91' lang='lat' dir='ltr'>iu</span> <span class='ocrx_word' id='word_1_120' title='bbox 1578 1699 1689 1763; x_wconf 89' lang='lat' dir='ltr'>pectore</span> 
     </span>
     <span class='ocr_line' id='line_1_12' title="bbox 395 1770 1688 1847; baseline 0.001 -19"><span class='ocrx_word' id='word_1_121' title='bbox 395 1791 478 1847; x_wconf 91' lang='lat' dir='ltr'>quam</span> <span class='ocrx_word' id='word_1_122' title='bbox 503 1774 528 1828; x_wconf 91' lang='lat' dir='ltr'>iu</span> <span class='ocrx_word' id='word_1_123' title='bbox 553 1771 775 1843; x_wconf 66' lang='lat' dir='ltr'>tabulis-,magis</span> <span class='ocrx_word' id='word_1_124' title='bbox 799 1772 824 1825; x_wconf 88' lang='lat' dir='ltr'>in</span> <span class='ocrx_word' id='word_1_125' title='bbox 849 1770 970 1825; x_wconf 85' lang='lat' dir='ltr'>moribus</span> <span class='ocrx_word' id='word_1_126' title='bbox 993 1788 1071 1844; x_wconf 88' lang='lat' dir='ltr'>quom</span> <span class='ocrx_word' id='word_1_127' title='bbox 1097 1771 1122 1825; x_wconf 93' lang='lat' dir='ltr'>in</span> <span class='ocrx_word' id='word_1_128' title='bbox 1146 1771 1303 1843; x_wconf 88' lang='lat' dir='ltr'>parictibus.</span> <span class='ocrx_word' id='word_1_129' title='bbox 1347 1774 1435 1846; x_wconf 91' lang='lat' dir='ltr'>primo</span> <span class='ocrx_word' id='word_1_130' title='bbox 1459 1775 1549 1829; x_wconf 90' lang='lat' dir='ltr'>statim</span> <span class='ocrx_word' id='word_1_131' title='bbox 1572 1775 1688 1830; x_wconf 81' lang='lat' dir='ltr'>adventu</span> 
     </span>
     <span class='ocr_line' id='line_1_13' title="bbox 398 1853 1688 1932; baseline 0 -19"><span class='ocrx_word' id='word_1_132' title='bbox 398 1853 525 1930; x_wconf 73' lang='lat' dir='ltr'>rogaramv</span> <span class='ocrx_word' id='word_1_133' title='bbox 547 1857 697 1917; x_wconf 85' lang='lat' dir='ltr'>hominem,</span> <span class='ocrx_word' id='word_1_134' title='bbox 721 1872 754 1909; x_wconf 91' lang='lat' dir='ltr'>ne</span> <span class='ocrx_word' id='word_1_135' title='bbox 777 1873 856 1928; x_wconf 90' lang='lat' dir='ltr'>quem</span> <span class='ocrx_word' id='word_1_136' title='bbox 879 1863 987 1910; x_wconf 86' lang='lat' dir='ltr'>vocaret</span> <span class='ocrx_word' id='word_1_137' title='bbox 1011 1855 1042 1910; x_wconf 91' lang='lat' dir='ltr'>ad</span> <span class='ocrx_word' id='word_1_138' title='bbox 1066 1856 1230 1915; x_wconf 81' lang='lat' dir='ltr'>convivium.</span> <span class='ocrx_word' id='word_1_139' title='bbox 1258 1857 1380 1929; x_wconf 79' lang='lat' dir='ltr'>quod&#39;et</span> <span class='ocrx_word' id='word_1_140' title='bbox 1403 1876 1454 1928; x_wconf 77' lang='lat' dir='ltr'>ego</span> <span class='ocrx_word' id='word_1_141' title='bbox 1479 1853 1571 1913; x_wconf 84' lang='lat' dir='ltr'>natura</span> <span class='ocrx_word' id='word_1_142' title='bbox 1595 1860 1688 1932; x_wconf 90' lang='lat' dir='ltr'>paucis</span> 
     </span>
     <span class='ocr_line' id='line_1_14' title="bbox 396 1940 1687 2016; baseline 0 -20"><span class='ocrx_word' id='word_1_143' title='bbox 396 1942 532 2002; x_wconf 86' lang='lat' dir='ltr'>delector,</span> <span class='ocrx_word' id='word_1_144' title='bbox 561 1951 589 1996; x_wconf 88' lang='lat' dir='ltr'>et</span> <span class='ocrx_word' id='word_1_145' title='bbox 612 1951 668 1995; x_wconf 90' lang='lat' dir='ltr'>tum</span> <span class='ocrx_word' id='word_1_146' title='bbox 692 1941 730 1995; x_wconf 86' lang='lat' dir='ltr'>sic</span> <span class='ocrx_word' id='word_1_147' title='bbox 752 1957 825 1994; x_wconf 89' lang='lat' dir='ltr'>oram</span> <span class='ocrx_word' id='word_1_148' title='bbox 847 1940 1012 1994; x_wconf 84' lang='lat' dir='ltr'>allectusut</span> <span class='ocrx_word' id='word_1_149' title='bbox 1035 1956 1086 2012; x_wconf 90' lang='lat' dir='ltr'>ego</span> <span class='ocrx_word' id='word_1_150' title='bbox 1110 1940 1201 2012; x_wconf 90' lang='lat' dir='ltr'>potius</span> <span class='ocrx_word' id='word_1_151' title='bbox 1225 1958 1319 2016; x_wconf 68' lang='lat' dir='ltr'>esseuq</span> <span class='ocrx_word' id='word_1_152' title='bbox 1335 1941 1395 1996; x_wconf 86' lang='lat' dir='ltr'>aliis</span> <span class='ocrx_word' id='word_1_153' title='bbox 1418 1942 1549 1997; x_wconf 74' lang='lat' dir='ltr'>riirilestiee</span> <span class='ocrx_word' id='word_1_154' title='bbox 1580 1944 1687 1998; x_wconf 88' lang='lat' dir='ltr'>futurus</span> 
     </span>
     <span class='ocr_line' id='line_1_15' title="bbox 399 2023 1687 2100; baseline 0.002 -19"><span class='ocrx_word' id='word_1_155' title='bbox 399 2045 478 2100; x_wconf 86' lang='lat' dir='ltr'>qnam</span> <span class='ocrx_word' id='word_1_156' title='bbox 502 2035 531 2081; x_wconf 90' lang='lat' dir='ltr'>ut</span> <span class='ocrx_word' id='word_1_157' title='bbox 554 2025 701 2081; x_wconf 90' lang='lat' dir='ltr'>nudtormu</span> <span class='ocrx_word' id='word_1_158' title='bbox 724 2025 848 2079; x_wconf 87' lang='lat' dir='ltr'>convictu</span> <span class='ocrx_word' id='word_1_159' title='bbox 872 2041 979 2097; x_wconf 87' lang='lat' dir='ltr'>possem</span> <span class='ocrx_word' id='word_1_160' title='bbox 1003 2023 1183 2098; x_wconf 31' lang='lat' dir='ltr'>hilarescere!</span> <span class='ocrx_word' id='word_1_161' title='bbox 1205 2025 1320 2097; x_wconf 91' lang='lat' dir='ltr'>primum</span> <span class='ocrx_word' id='word_1_162' title='bbox 1343 2025 1430 2081; x_wconf 88' lang='lat' dir='ltr'>lassus</span> <span class='ocrx_word' id='word_1_163' title='bbox 1452 2028 1485 2082; x_wconf 93' lang='lat' dir='ltr'>de</span> <span class='ocrx_word' id='word_1_164' title='bbox 1509 2027 1562 2087; x_wconf 81' lang='lat' dir='ltr'>via,</span> <span class='ocrx_word' id='word_1_165' title='bbox 1591 2028 1687 2083; x_wconf 88' lang='lat' dir='ltr'>deinde</span> 
     </span>
    </p>

    <p class='ocr_par' dir='ltr' id='par_1_5' title="bbox 337 2108 1755 2520">
     <span class='ocr_line' id='line_1_16' title="bbox 337 2108 1686 2184; baseline -0.001 -18"><span class='ocrx_word' id='word_1_166' title='bbox 337 2114 383 2154; x_wconf 70' lang='lat'>¹³²</span> <span class='ocrx_word' id='word_1_167' title='bbox 400 2112 465 2166; x_wconf 85' lang='lat' dir='ltr'>adeo</span> <span class='ocrx_word' id='word_1_168' title='bbox 488 2110 628 2182; x_wconf 85' lang='lat' dir='ltr'>gravidus.</span> <span class='ocrx_word' id='word_1_169' title='bbox 652 2118 682 2164; x_wconf 94' lang='lat' dir='ltr'>ut</span> <span class='ocrx_word' id='word_1_170' title='bbox 705 2108 778 2163; x_wconf 90' lang='lat' dir='ltr'>nulla</span> <span class='ocrx_word' id='word_1_171' title='bbox 802 2109 916 2181; x_wconf 83' lang='lat' dir='ltr'>scropha</span> <span class='ocrx_word' id='word_1_172' title='bbox 940 2125 1031 2180; x_wconf 72' lang='lat' dir='ltr'>erepte.</span> <span class='ocrx_word' id='word_1_173' title='bbox 1060 2109 1178 2181; x_wconf 85' lang='lat' dir='ltr'>denirpie</span> <span class='ocrx_word' id='word_1_174' title='bbox 1201 2110 1290 2182; x_wconf 91' lang='lat' dir='ltr'>partui</span> <span class='ocrx_word' id='word_1_175' title='bbox 1313 2112 1466 2183; x_wconf 82' lang='lat' dir='ltr'>proximus:</span> <span class='ocrx_word' id='word_1_176' title='bbox 1496 2113 1686 2184; x_wconf 59' lang='lat' dir='ltr'>praesentimus</span> 
     </span>
     <span class='ocr_line' id='line_1_17' title="bbox 399 2192 1755 2268; baseline 0.002 -18"><span class='ocrx_word' id='word_1_177' title='bbox 399 2197 468 2251; x_wconf 90' lang='lat' dir='ltr'>enim</span> <span class='ocrx_word' id='word_1_178' title='bbox 492 2204 518 2250; x_wconf 92' lang='lat' dir='ltr'>et</span> <span class='ocrx_word' id='word_1_179' title='bbox 542 2196 607 2254; x_wconf 87' lang='lat' dir='ltr'>hoc.</span> <span class='ocrx_word' id='word_1_180' title='bbox 632 2210 685 2249; x_wconf 92' lang='lat' dir='ltr'>uon</span> <span class='ocrx_word' id='word_1_181' title='bbox 710 2192 788 2247; x_wconf 90' lang='lat' dir='ltr'>alitor</span> <span class='ocrx_word' id='word_1_182' title='bbox 811 2209 890 2265; x_wconf 90' lang='lat' dir='ltr'>quam</span> <span class='ocrx_word' id='word_1_183' title='bbox 913 2209 1063 2266; x_wconf 79' lang='lat' dir='ltr'>puerperae.</span> <span class='ocrx_word' id='word_1_184' title='bbox 1110 2211 1125 2247; x_wconf 94' lang='lat' dir='ltr'>o</span> <span class='ocrx_word' id='word_1_185' title='bbox 1149 2210 1210 2247; x_wconf 89' lang='lat' dir='ltr'>rere</span> <span class='ocrx_word' id='word_1_186' title='bbox 1233 2194 1356 2249; x_wconf 87' lang='lat' dir='ltr'>miseram</span> <span class='ocrx_word' id='word_1_187' title='bbox 1385 2195 1571 2268; x_wconf 82' lang='lat' dir='ltr'>prudentiam!</span> <span class='ocrx_word' id='word_1_188' title='bbox 1594 2197 1755 2258; x_wconf 70' lang='lat' dir='ltr'>aderattat.</span> 
     </span>
     <span class='ocr_line' id='line_1_18' title="bbox 400 2277 1686 2353; baseline 0 -19"><span class='ocrx_word' id='word_1_189' title='bbox 400 2289 453 2335; x_wconf 79' lang='lat' dir='ltr'>tritu</span> <span class='ocrx_word' id='word_1_190' title='bbox 478 2281 548 2334; x_wconf 87' lang='lat' dir='ltr'>forte</span> <span class='ocrx_word' id='word_1_191' title='bbox 573 2280 601 2333; x_wconf 85' lang='lat' dir='ltr'>ll.</span> <span class='ocrx_word' id='word_1_192' title='bbox 626 2279 652 2331; x_wconf 87' lang='lat' dir='ltr'>b.</span> <span class='ocrx_word' id='word_1_193' title='bbox 675 2278 772 2350; x_wconf 75' lang='lat' dir='ltr'>hugo,</span> <span class='ocrx_word' id='word_1_194' title='bbox 801 2277 1017 2332; x_wconf 65' lang='lat' dir='ltr'>constantiensis</span> <span class='ocrx_word' id='word_1_195' title='bbox 1039 2277 1199 2350; x_wconf 83' lang='lat' dir='ltr'>episcopus.</span> <span class='ocrx_word' id='word_1_196' title='bbox 1228 2279 1269 2332; x_wconf 86' lang='lat' dir='ltr'>vir</span> <span class='ocrx_word' id='word_1_197' title='bbox 1292 2280 1397 2334; x_wconf 90' lang='lat' dir='ltr'>heroica</span> <span class='ocrx_word' id='word_1_198' title='bbox 1420 2281 1545 2353; x_wconf 84' lang='lat' dir='ltr'>corporis</span> <span class='ocrx_word' id='word_1_199' title='bbox 1567 2282 1686 2353; x_wconf 85' lang='lat' dir='ltr'>proceri·</span> 
     </span>
     <span class='ocr_line' id='line_1_19' title="bbox 400 2361 1685 2437; baseline 0 -18"><span class='ocrx_word' id='word_1_200' title='bbox 400 2373 468 2425; x_wconf 83' lang='lat' dir='ltr'>tate.</span> <span class='ocrx_word' id='word_1_201' title='bbox 492 2364 621 2418; x_wconf 87' lang='lat' dir='ltr'>comitate</span> <span class='ocrx_word' id='word_1_202' title='bbox 645 2361 791 2434; x_wconf 88' lang='lat' dir='ltr'>singulari.</span> <span class='ocrx_word' id='word_1_203' title='bbox 816 2361 897 2416; x_wconf 93' lang='lat' dir='ltr'>homo</span> <span class='ocrx_word' id='word_1_204' title='bbox 914 2378 1043 2434; x_wconf 83' lang='lat' dir='ltr'>syncerus</span> <span class='ocrx_word' id='word_1_205' title='bbox 1059 2370 1085 2415; x_wconf 91' lang='lat' dir='ltr'>ct</span> <span class='ocrx_word' id='word_1_206' title='bbox 1102 2361 1205 2434; x_wconf 91' lang='lat' dir='ltr'>absque</span> <span class='ocrx_word' id='word_1_207' title='bbox 1222 2363 1298 2422; x_wconf 79' lang='lat' dir='ltr'>frico.</span> <span class='ocrx_word' id='word_1_208' title='bbox 1322 2364 1424 2436; x_wconf 88' lang='lat' dir='ltr'>absque</span> <span class='ocrx_word' id='word_1_209' title='bbox 1446 2364 1685 2437; x_wconf 85' lang='lat' dir='ltr'>supercilio;&#39;nou</span> 
     </span>
     <span class='ocr_line' id='line_1_20' title="bbox 399 2445 1686 2520; baseline -0.002 -17"><span class='ocrx_word' id='word_1_210' title='bbox 399 2448 537 2510; x_wconf 84' lang='lat' dir='ltr'>militaris,</span> <span class='ocrx_word' id='word_1_211' title='bbox 560 2456 591 2502; x_wconf 93' lang='lat' dir='ltr'>ut</span> <span class='ocrx_word' id='word_1_212' title='bbox 615 2448 671 2501; x_wconf 89' lang='lat' dir='ltr'>fere</span> <span class='ocrx_word' id='word_1_213' title='bbox 694 2445 784 2500; x_wconf 92' lang='lat' dir='ltr'>solent</span> <span class='ocrx_word' id='word_1_214' title='bbox 806 2446 876 2518; x_wconf 91' lang='lat' dir='ltr'>apud</span> <span class='ocrx_word' id='word_1_215' title='bbox 900 2445 1060 2506; x_wconf 85' lang='lat' dir='ltr'>Germanos.</span> <span class='ocrx_word' id='word_1_216' title='bbox 1091 2447 1138 2500; x_wconf 88' lang='lat' dir='ltr'>sed</span> <span class='ocrx_word' id='word_1_217' title='bbox 1161 2463 1223 2501; x_wconf 88' lang='lat' dir='ltr'>vere</span> <span class='ocrx_word' id='word_1_218' title='bbox 1246 2447 1413 2502; x_wconf 88' lang='lat' dir='ltr'>sacerdotem</span> <span class='ocrx_word' id='word_1_219' title='bbox 1431 2466 1533 2520; x_wconf 83' lang='lat' dir='ltr'>agens.</span> <span class='ocrx_word' id='word_1_220' title='bbox 1579 2450 1601 2503; x_wconf 93' lang='lat' dir='ltr'>is</span> <span class='ocrx_word' id='word_1_221' title='bbox 1624 2448 1686 2504; x_wconf 90' lang='lat' dir='ltr'>ilico</span> 
     </span>
    </p>

    <p class='ocr_par' dir='ltr' id='par_1_6' title="bbox 327 2530 1688 2945">
     <span class='ocr_line' id='line_1_21' title="bbox 327 2530 1687 2601; baseline 0 -13"><span class='ocrx_word' id='word_1_222' title='bbox 327 2534 390 2579; x_wconf 78' lang='lat'>²⁰</span> <span class='ocrx_word' id='word_1_223' title='bbox 400 2534 506 2588; x_wconf 87' lang='lat' dir='ltr'>rescivit</span> <span class='ocrx_word' id='word_1_224' title='bbox 529 2534 671 2587; x_wconf 85' lang='lat' dir='ltr'>adventum</span> <span class='ocrx_word' id='word_1_225' title='bbox 694 2547 782 2585; x_wconf 88' lang='lat' dir='ltr'>meum</span> <span class='ocrx_word' id='word_1_226' title='bbox 805 2539 832 2584; x_wconf 89' lang='lat' dir='ltr'>et</span> <span class='ocrx_word' id='word_1_227' title='bbox 854 2530 967 2584; x_wconf 87' lang='lat' dir='ltr'>honoris</span> <span class='ocrx_word' id='word_1_228' title='bbox 989 2530 1075 2601; x_wconf 88' lang='lat' dir='ltr'>gratia</span> <span class='ocrx_word' id='word_1_229' title='bbox 1099 2530 1206 2586; x_wconf 81' lang='lat' dir='ltr'>volebat</span> <span class='ocrx_word' id='word_1_230' title='bbox 1229 2549 1380 2593; x_wconf 87' lang='lat' dir='ltr'>accersere,</span> <span class='ocrx_word' id='word_1_231' title='bbox 1404 2534 1450 2588; x_wconf 90' lang='lat' dir='ltr'>sed</span> <span class='ocrx_word' id='word_1_232' title='bbox 1466 2533 1623 2589; x_wconf 87' lang='lat' dir='ltr'>submonuit</span> <span class='ocrx_word' id='word_1_233' title='bbox 1639 2533 1687 2588; x_wconf 93' lang='lat' dir='ltr'>ho·</span> 
     </span>
     <span class='ocr_line' id='line_1_22' title="bbox 399 2612 1687 2690; baseline 0 -17"><span class='ocrx_word' id='word_1_234' title='bbox 399 2619 496 2673; x_wconf 89' lang='lat' dir='ltr'>minem</span> <span class='ocrx_word' id='word_1_235' title='bbox 519 2617 678 2677; x_wconf 82' lang='lat' dir='ltr'>Botzemus,</span> <span class='ocrx_word' id='word_1_236' title='bbox 706 2623 831 2688; x_wconf 74' lang='lat' dir='ltr'>parceret</span> <span class='ocrx_word' id='word_1_237' title='bbox 853 2612 997 2669; x_wconf 79' lang='lat' dir='ltr'>valetudini</span> <span class='ocrx_word' id='word_1_238' title='bbox 1022 2632 1102 2686; x_wconf 75' lang='lat' dir='ltr'>incar.</span> <span class='ocrx_word' id='word_1_239' title='bbox 1133 2633 1162 2670; x_wconf 89' lang='lat' dir='ltr'>se</span> <span class='ocrx_word' id='word_1_240' title='bbox 1186 2616 1363 2671; x_wconf 89' lang='lat' dir='ltr'>iudicaturum</span> <span class='ocrx_word' id='word_1_241' title='bbox 1388 2619 1495 2690; x_wconf 92' lang='lat' dir='ltr'>quando</span> <span class='ocrx_word' id='word_1_242' title='bbox 1520 2618 1544 2672; x_wconf 93' lang='lat' dir='ltr'>id</span> <span class='ocrx_word' id='word_1_243' title='bbox 1568 2635 1687 2673; x_wconf 92' lang='lat' dir='ltr'>commo·</span> 
     </span>
     <span class='ocr_line' id='line_1_23' title="bbox 398 2698 1686 2776; baseline 0 -20"><span class='ocrx_word' id='word_1_244' title='bbox 398 2703 459 2757; x_wconf 92' lang='lat' dir='ltr'>dum</span> <span class='ocrx_word' id='word_1_245' title='bbox 482 2710 554 2769; x_wconf 84' lang='lat' dir='ltr'>esset</span> <span class='ocrx_word' id='word_1_246' title='bbox 571 2701 699 2755; x_wconf 89' lang='lat' dir='ltr'>futurum.</span> <span class='ocrx_word' id='word_1_247' title='bbox 736 2709 818 2772; x_wconf 89' lang='lat' dir='ltr'>atque</span> <span class='ocrx_word' id='word_1_248' title='bbox 834 2698 877 2753; x_wconf 90' lang='lat' dir='ltr'>hic</span> <span class='ocrx_word' id='word_1_249' title='bbox 892 2699 1026 2770; x_wconf 85' lang='lat' dir='ltr'>geminam</span> <span class='ocrx_word' id='word_1_250' title='bbox 1043 2699 1217 2755; x_wconf 87' lang='lat' dir='ltr'>hunianitatis</span> <span class='ocrx_word' id='word_1_251' title='bbox 1239 2700 1343 2756; x_wconf 90' lang='lat' dir='ltr'>laudem</span> <span class='ocrx_word' id='word_1_252' title='bbox 1360 2703 1511 2775; x_wconf 78' lang='lat' dir='ltr'>premeruit</span> <span class='ocrx_word' id='word_1_253' title='bbox 1526 2703 1686 2776; x_wconf 87' lang='lat' dir='ltr'>episcopus:</span> 
     </span>
     <span class='ocr_line' id='line_1_24' title="bbox 399 2782 1687 2860; baseline -0.002 -16"><span class='ocrx_word' id='word_1_254' title='bbox 399 2786 573 2844; x_wconf 85' lang='lat' dir='ltr'>humanitatis</span> <span class='ocrx_word' id='word_1_255' title='bbox 590 2792 647 2840; x_wconf 89' lang='lat' dir='ltr'>erat</span> <span class='ocrx_word' id='word_1_256' title='bbox 663 2785 735 2856; x_wconf 91' lang='lat' dir='ltr'>quod</span> <span class='ocrx_word' id='word_1_257' title='bbox 751 2782 882 2839; x_wconf 86' lang='lat' dir='ltr'>offerebat</span> <span class='ocrx_word' id='word_1_258' title='bbox 897 2783 1028 2851; x_wconf 81' lang='lat' dir='ltr'>officium.</span> <span class='ocrx_word' id='word_1_259' title='bbox 1053 2783 1101 2838; x_wconf 89' lang='lat' dir='ltr'>sed</span> <span class='ocrx_word' id='word_1_260' title='bbox 1117 2784 1228 2838; x_wconf 85' lang='lat' dir='ltr'>maioris</span> <span class='ocrx_word' id='word_1_261' title='bbox 1244 2786 1419 2841; x_wconf 89' lang='lat' dir='ltr'>humanitatis</span> <span class='ocrx_word' id='word_1_262' title='bbox 1435 2796 1494 2841; x_wconf 89' lang='lat' dir='ltr'>erat</span> <span class='ocrx_word' id='word_1_263' title='bbox 1517 2787 1588 2860; x_wconf 92' lang='lat' dir='ltr'>quod</span> <span class='ocrx_word' id='word_1_264' title='bbox 1613 2787 1687 2842; x_wconf 90' lang='lat' dir='ltr'>obla·</span> 
     </span>
     <span class='ocr_line' id='line_1_25' title="bbox 399 2866 1688 2945; baseline 0 -19"><span class='ocrx_word' id='word_1_265' title='bbox 399 2881 453 2926; x_wconf 93' lang='lat' dir='ltr'>tum</span> <span class='ocrx_word' id='word_1_266' title='bbox 469 2870 625 2943; x_wconf 81' lang='lat' dir='ltr'>patiebatur</span> <span class='ocrx_word' id='word_1_267' title='bbox 639 2869 771 2924; x_wconf 87' lang='lat' dir='ltr'>recusari:</span> <span class='ocrx_word' id='word_1_268' title='bbox 793 2866 900 2940; x_wconf 90' lang='lat' dir='ltr'>quidam</span> <span class='ocrx_word' id='word_1_269' title='bbox 916 2869 987 2922; x_wconf 87' lang='lat' dir='ltr'>enim</span> <span class='ocrx_word' id='word_1_270' title='bbox 1004 2867 1179 2940; x_wconf 72' lang='lat' dir='ltr'>indignantur</span> <span class='ocrx_word' id='word_1_271' title='bbox 1193 2888 1276 2943; x_wconf 87' lang='lat' dir='ltr'>seque</span> <span class='ocrx_word' id='word_1_272' title='bbox 1291 2872 1427 2926; x_wconf 88' lang='lat' dir='ltr'>contemni</span> <span class='ocrx_word' id='word_1_273' title='bbox 1445 2880 1554 2944; x_wconf 89' lang='lat' dir='ltr'>putant.</span> <span class='ocrx_word' id='word_1_274' title='bbox 1572 2872 1622 2926; x_wconf 92' lang='lat' dir='ltr'>uisi</span> <span class='ocrx_word' id='word_1_275' title='bbox 1639 2890 1688 2945; x_wconf 93' lang='lat' dir='ltr'>per</span> 
     </span>
    </p>

    <p class='ocr_par' dir='ltr' id='par_1_7' title="bbox 330 2951 1754 3363">
     <span class='ocr_line' id='line_1_26' title="bbox 330 2951 1687 3029; baseline 0.001 -19"><span class='ocrx_word' id='word_1_276' title='bbox 330 2959 389 3003; x_wconf 67' lang='lat'>‘25</span> <span class='ocrx_word' id='word_1_277' title='bbox 400 2956 487 3010; x_wconf 90' lang='lat' dir='ltr'>omnia</span> <span class='ocrx_word' id='word_1_278' title='bbox 503 2954 655 3015; x_wconf 78' lang='lat' dir='ltr'>observias,</span> <span class='ocrx_word' id='word_1_279' title='bbox 678 2952 718 3008; x_wconf 87' lang='lat' dir='ltr'>vol</span> <span class='ocrx_word' id='word_1_280' title='bbox 743 2960 790 3008; x_wconf 89' lang='lat' dir='ltr'>tuo</span> <span class='ocrx_word' id='word_1_281' title='bbox 807 2951 893 3006; x_wconf 89' lang='lat' dir='ltr'>malo:</span> <span class='ocrx_word' id='word_1_282' title='bbox 917 2951 989 3007; x_wconf 90' lang='lat' dir='ltr'>misit</span> <span class='ocrx_word' id='word_1_283' title='bbox 1005 2961 1094 3007; x_wconf 89' lang='lat' dir='ltr'>tamen</span> <span class='ocrx_word' id='word_1_284' title='bbox 1111 2969 1280 3009; x_wconf 69' lang='lat' dir='ltr'>oeconomum</span> <span class='ocrx_word' id='word_1_285' title='bbox 1296 2973 1374 3010; x_wconf 88' lang='lat' dir='ltr'>suurn</span> <span class='ocrx_word' id='word_1_286' title='bbox 1391 2956 1436 3028; x_wconf 94' lang='lat' dir='ltr'>qui</span> <span class='ocrx_word' id='word_1_287' title='bbox 1453 2956 1516 3010; x_wconf 89' lang='lat' dir='ltr'>mihi</span> <span class='ocrx_word' id='word_1_288' title='bbox 1533 2956 1687 3029; x_wconf 80' lang='lat' dir='ltr'>perdicibus</span> 
     </span>
     <span class='ocr_line' id='line_1_27' title="bbox 398 3037 1686 3113; baseline 0.001 -21"><span class='ocrx_word' id='word_1_289' title='bbox 398 3039 503 3113; x_wconf 79' lang='lat' dir='ltr'>aliquot</span> <span class='ocrx_word' id='word_1_290' title='bbox 525 3039 632 3093; x_wconf 91' lang='lat' dir='ltr'>donatis</span> <span class='ocrx_word' id='word_1_291' title='bbox 654 3038 772 3092; x_wconf 88' lang='lat' dir='ltr'>deferret</span> <span class='ocrx_word' id='word_1_292' title='bbox 795 3037 922 3108; x_wconf 90' lang='lat' dir='ltr'>quicquid</span> <span class='ocrx_word' id='word_1_293' title='bbox 952 3053 1040 3090; x_wconf 89' lang='lat' dir='ltr'>rerum</span> <span class='ocrx_word' id='word_1_294' title='bbox 1063 3037 1175 3092; x_wconf 87' lang='lat' dir='ltr'>haberet</span> <span class='ocrx_word' id='word_1_295' title='bbox 1197 3038 1294 3093; x_wconf 82' lang='lat' dir='ltr'>domus</span> <span class='ocrx_word' id='word_1_296' title='bbox 1317 3040 1450 3113; x_wconf 84' lang='lat' dir='ltr'>episcopi.</span> <span class='ocrx_word' id='word_1_297' title='bbox 1480 3049 1507 3094; x_wconf 90' lang='lat' dir='ltr'>et</span> <span class='ocrx_word' id='word_1_298' title='bbox 1529 3041 1571 3095; x_wconf 91' lang='lat' dir='ltr'>usi</span> <span class='ocrx_word' id='word_1_299' title='bbox 1594 3058 1686 3095; x_wconf 91' lang='lat' dir='ltr'>sumus</span> 
     </span>
     <span class='ocr_line' id='line_1_28' title="bbox 398 3120 1685 3195; baseline 0.002 -18"><span class='ocrx_word' id='word_1_300' title='bbox 398 3124 503 3179; x_wconf 87' lang='lat' dir='ltr'>assidua</span> <span class='ocrx_word' id='word_1_301' title='bbox 526 3122 688 3177; x_wconf 86' lang='lat' dir='ltr'>liberalitate</span> <span class='ocrx_word' id='word_1_302' title='bbox 710 3120 844 3195; x_wconf 70' lang='lat' dir='ltr'>praesulis.</span> <span class='ocrx_word' id='word_1_303' title='bbox 888 3121 953 3175; x_wconf 82' lang='lat' dir='ltr'>l&#39;ost</span> <span class='ocrx_word' id='word_1_304' title='bbox 974 3121 1032 3175; x_wconf 78' lang='lat' dir='ltr'>ilios</span> <span class='ocrx_word' id='word_1_305' title='bbox 1058 3121 1163 3193; x_wconf 79' lang='lat' dir='ltr'>aliquot</span> <span class='ocrx_word' id='word_1_306' title='bbox 1192 3123 1286 3177; x_wconf 83' lang='lat' dir='ltr'>enixus</span> <span class='ocrx_word' id='word_1_307' title='bbox 1316 3141 1389 3184; x_wconf 90' lang='lat' dir='ltr'>sum,</span> <span class='ocrx_word' id='word_1_308' title='bbox 1419 3124 1465 3177; x_wconf 88' lang='lat' dir='ltr'>sed</span> <span class='ocrx_word' id='word_1_309' title='bbox 1495 3125 1532 3179; x_wconf 91' lang='lat' dir='ltr'>sic</span> <span class='ocrx_word' id='word_1_310' title='bbox 1559 3132 1588 3178; x_wconf 92' lang='lat' dir='ltr'>ut</span> <span class='ocrx_word' id='word_1_311' title='bbox 1617 3142 1685 3179; x_wconf 90' lang='lat' dir='ltr'>uun·</span> 
     </span>
     <span class='ocr_line' id='line_1_29' title="bbox 400 3204 1754 3281; baseline -0.002 -18"><span class='ocrx_word' id='word_1_312' title='bbox 400 3226 477 3281; x_wconf 92' lang='lat' dir='ltr'>quam</span> <span class='ocrx_word' id='word_1_313' title='bbox 501 3208 604 3262; x_wconf 91' lang='lat' dir='ltr'>maiore</span> <span class='ocrx_word' id='word_1_314' title='bbox 625 3207 759 3266; x_wconf 76' lang='lat' dir='ltr'>cruciatu:</span> <span class='ocrx_word' id='word_1_315' title='bbox 782 3204 941 3276; x_wconf 86' lang='lat' dir='ltr'>langueham</span> <span class='ocrx_word' id='word_1_316' title='bbox 966 3206 1050 3276; x_wconf 83' lang='lat' dir='ltr'>igitur</span> <span class='ocrx_word' id='word_1_317' title='bbox 1072 3222 1086 3259; x_wconf 88' lang='lat' dir='ltr'>c</span> <span class='ocrx_word' id='word_1_318' title='bbox 1110 3214 1188 3278; x_wconf 95' lang='lat' dir='ltr'>partu</span> <span class='ocrx_word' id='word_1_319' title='bbox 1212 3207 1250 3261; x_wconf 89' lang='lat' dir='ltr'>sic</span> <span class='ocrx_word' id='word_1_320' title='bbox 1267 3216 1296 3281; x_wconf 87' lang='lat' dir='ltr'>ut</span> <span class='ocrx_word' id='word_1_321' title='bbox 1312 3224 1361 3262; x_wconf 87' lang='lat' dir='ltr'>nec</span> <span class='ocrx_word' id='word_1_322' title='bbox 1376 3207 1440 3262; x_wconf 91' lang='lat' dir='ltr'>mihi</span> <span class='ocrx_word' id='word_1_323' title='bbox 1458 3224 1505 3262; x_wconf 90' lang='lat' dir='ltr'>nec</span> <span class='ocrx_word' id='word_1_324' title='bbox 1521 3207 1581 3261; x_wconf 90' lang='lat' dir='ltr'>aliis</span> <span class='ocrx_word' id='word_1_325' title='bbox 1597 3226 1684 3262; x_wconf 88' lang='lat' dir='ltr'>essem</span> <span class='ocrx_word' id='word_1_326' title='bbox 1696 3214 1754 3263; x_wconf 65' lang='lat' dir='ltr'>tta.</span> 
     </span>
     <span class='ocr_line' id='line_1_30' title="bbox 400 3289 1686 3363; baseline 0 -18"><span class='ocrx_word' id='word_1_327' title='bbox 400 3293 543 3352; x_wconf 84' lang='lat' dir='ltr'>iucundus:</span> <span class='ocrx_word' id='word_1_328' title='bbox 567 3290 667 3363; x_wconf 80' lang='lat' dir='ltr'>alioqui</span> <span class='ocrx_word' id='word_1_329' title='bbox 684 3290 749 3345; x_wconf 88' lang='lat' dir='ltr'>nihil</span> <span class='ocrx_word' id='word_1_330' title='bbox 765 3291 858 3344; x_wconf 77' lang='lat' dir='ltr'>deerat</span> <span class='ocrx_word' id='word_1_331' title='bbox 880 3290 911 3344; x_wconf 92' lang='lat' dir='ltr'>ad</span> <span class='ocrx_word' id='word_1_332' title='bbox 936 3307 1065 3343; x_wconf 83' lang='lat' dir='ltr'>sanumam</span> <span class='ocrx_word' id='word_1_333' title='bbox 1089 3289 1263 3361; x_wconf 73' lang='lat' dir='ltr'>voluptatem.</span> <span class='ocrx_word' id='word_1_334' title='bbox 1301 3291 1381 3345; x_wconf 90' lang='lat' dir='ltr'>lleum</span> <span class='ocrx_word' id='word_1_335' title='bbox 1397 3291 1590 3352; x_wconf 75' lang='lat' dir='ltr'>irinum-tatem,</span> <span class='ocrx_word' id='word_1_336' title='bbox 1614 3291 1686 3363; x_wconf 93' lang='lat' dir='ltr'>quod</span> 
     </span>
    </p>

    <p class='ocr_par' dir='ltr' id='par_1_8' title="bbox 353 3371 1755 3789">
     <span class='ocr_line' id='line_1_31' title="bbox 353 3371 1686 3450; baseline -0.002 -19"><span class='ocrx_word' id='word_1_337' title='bbox 353 3377 563 3450; x_wconf 70' lang='lat' dir='ltr'>3thospititrm.</span> <span class='ocrx_word' id='word_1_338' title='bbox 589 3376 649 3448; x_wconf 87' lang='lat' dir='ltr'>quis</span> <span class='ocrx_word' id='word_1_339' title='bbox 671 3376 785 3447; x_wconf 88' lang='lat' dir='ltr'>hospes,</span> <span class='ocrx_word' id='word_1_340' title='bbox 810 3391 889 3446; x_wconf 91' lang='lat' dir='ltr'>quam</span> <span class='ocrx_word' id='word_1_341' title='bbox 913 3371 976 3427; x_wconf 88' lang='lat' dir='ltr'>belli</span> <span class='ocrx_word' id='word_1_342' title='bbox 1000 3373 1168 3432; x_wconf 84' lang='lat' dir='ltr'>homunculi,</span> <span class='ocrx_word' id='word_1_343' title='bbox 1198 3391 1277 3446; x_wconf 90' lang='lat' dir='ltr'>quam</span> <span class='ocrx_word' id='word_1_344' title='bbox 1307 3375 1408 3429; x_wconf 91' lang='lat' dir='ltr'>nitidus</span> <span class='ocrx_word' id='word_1_345' title='bbox 1436 3383 1596 3447; x_wconf 85' lang='lat' dir='ltr'>apparatus,</span> <span class='ocrx_word' id='word_1_346' title='bbox 1626 3392 1686 3447; x_wconf 71' lang='lat' dir='ltr'>quae</span> 
     </span>
     <span class='ocr_line' id='line_1_32' title="bbox 401 3458 1687 3538; baseline -0.002 -23"><span class='ocrx_word' id='word_1_347' title='bbox 401 3461 511 3521; x_wconf 80' lang='lat' dir='ltr'>lahaim,</span> <span class='ocrx_word' id='word_1_348' title='bbox 536 3478 596 3538; x_wconf 69' lang='lat' dir='ltr'>quqe</span> <span class='ocrx_word' id='word_1_349' title='bbox 620 3459 764 3518; x_wconf 87' lang='lat' dir='ltr'>lectiones.</span> <span class='ocrx_word' id='word_1_350' title='bbox 789 3475 849 3530; x_wconf 68' lang='lat' dir='ltr'>quae</span> <span class='ocrx_word' id='word_1_351' title='bbox 871 3458 1026 3513; x_wconf 82' lang='lat' dir='ltr'>cantiones!</span> <span class='ocrx_word' id='word_1_352' title='bbox 1057 3474 1072 3510; x_wconf 92' lang='lat' dir='ltr'>o</span> <span class='ocrx_word' id='word_1_353' title='bbox 1096 3474 1196 3512; x_wconf 71' lang='lat' dir='ltr'>mensae</span> <span class='ocrx_word' id='word_1_354' title='bbox 1219 3475 1357 3530; x_wconf 69' lang='lat' dir='ltr'>cenaeque</span> <span class='ocrx_word' id='word_1_355' title='bbox 1383 3458 1475 3513; x_wconf 84' lang='lat' dir='ltr'>deum!</span> <span class='ocrx_word' id='word_1_356' title='bbox 1505 3476 1558 3512; x_wconf 95' lang='lat' dir='ltr'>nou</span> <span class='ocrx_word' id='word_1_357' title='bbox 1588 3458 1687 3513; x_wconf 76' lang='lat' dir='ltr'>iuddc-</span> 
     </span>
     <span class='ocr_line' id='line_1_33' title="bbox 399 3541 1687 3617; baseline -0.001 -19"><span class='ocrx_word' id='word_1_358' title='bbox 399 3562 452 3601; x_wconf 92' lang='lat' dir='ltr'>rem</span> <span class='ocrx_word' id='word_1_359' title='bbox 475 3546 528 3601; x_wconf 89' lang='lat' dir='ltr'>diis</span> <span class='ocrx_word' id='word_1_360' title='bbox 551 3545 665 3617; x_wconf 89' lang='lat' dir='ltr'>poeticis</span> <span class='ocrx_word' id='word_1_361' title='bbox 688 3561 765 3600; x_wconf 90' lang='lat' dir='ltr'>suurn</span> <span class='ocrx_word' id='word_1_362' title='bbox 789 3550 932 3610; x_wconf 27' lang='lat' dir='ltr'>tacetur-ot</span> <span class='ocrx_word' id='word_1_363' title='bbox 955 3541 1130 3599; x_wconf 86' lang='lat' dir='ltr'>ambrosiam.</span> <span class='ocrx_word' id='word_1_364' title='bbox 1161 3542 1183 3595; x_wconf 90' lang='lat' dir='ltr'>si</span> <span class='ocrx_word' id='word_1_365' title='bbox 1208 3541 1331 3597; x_wconf 78' lang='lat' dir='ltr'>valetudo</span> <span class='ocrx_word' id='word_1_366' title='bbox 1355 3542 1451 3598; x_wconf 88' lang='lat' dir='ltr'>fuisset</span> <span class='ocrx_word' id='word_1_367' title='bbox 1479 3542 1618 3615; x_wconf 91' lang='lat' dir='ltr'>aliquanto</span> <span class='ocrx_word' id='word_1_368' title='bbox 1646 3561 1687 3597; x_wconf 90' lang='lat' dir='ltr'>se·</span> 
     </span>
     <span class='ocr_line' id='line_1_34' title="bbox 398 3625 1685 3699; baseline -0.002 -15"><span class='ocrx_word' id='word_1_369' title='bbox 398 3631 518 3685; x_wconf 88' lang='lat' dir='ltr'>condior.</span> <span class='ocrx_word' id='word_1_370' title='bbox 557 3628 785 3683; x_wconf 78' lang='lat' dir='ltr'>hdhlandiehatm·</span> <span class='ocrx_word' id='word_1_371' title='bbox 807 3636 834 3680; x_wconf 91' lang='lat' dir='ltr'>et</span> <span class='ocrx_word' id='word_1_372' title='bbox 858 3628 914 3699; x_wconf 90' lang='lat' dir='ltr'>ipsc</span> <span class='ocrx_word' id='word_1_373' title='bbox 938 3625 989 3681; x_wconf 90' lang='lat' dir='ltr'>lori</span> <span class='ocrx_word' id='word_1_374' title='bbox 1014 3625 1096 3694; x_wconf 83' lang='lat' dir='ltr'>situs:</span> <span class='ocrx_word' id='word_1_375' title='bbox 1121 3626 1242 3681; x_wconf 83' lang='lat' dir='ltr'>imminet</span> <span class='ocrx_word' id='word_1_376' title='bbox 1263 3627 1334 3681; x_wconf 88' lang='lat' dir='ltr'>enim</span> <span class='ocrx_word' id='word_1_377' title='bbox 1350 3627 1514 3682; x_wconf 63' lang='lat' dir='ltr'>Constantius</span> <span class='ocrx_word' id='word_1_378' title='bbox 1529 3626 1603 3682; x_wconf 82' lang='lat' dir='ltr'>lucus</span> <span class='ocrx_word' id='word_1_379' title='bbox 1619 3628 1685 3681; x_wconf 92' lang='lat' dir='ltr'>mire</span> 
     </span>
     <span class='ocr_line' id='line_1_35' title="bbox 398 3709 1755 3789; baseline 0 -23"><span class='ocrx_word' id='word_1_380' title='bbox 398 3716 553 3789; x_wconf 83' lang='lat' dir='ltr'>spaciosus,</span> <span class='ocrx_word' id='word_1_381' title='bbox 578 3714 603 3767; x_wconf 93' lang='lat' dir='ltr'>in</span> <span class='ocrx_word' id='word_1_382' title='bbox 627 3713 738 3784; x_wconf 91' lang='lat' dir='ltr'>longum</span> <span class='ocrx_word' id='word_1_383' title='bbox 762 3710 840 3766; x_wconf 86' lang='lat' dir='ltr'>simul</span> <span class='ocrx_word' id='word_1_384' title='bbox 864 3720 891 3765; x_wconf 94' lang='lat' dir='ltr'>et</span> <span class='ocrx_word' id='word_1_385' title='bbox 914 3711 940 3765; x_wconf 88' lang='lat' dir='ltr'>iu</span> <span class='ocrx_word' id='word_1_386' title='bbox 964 3710 1046 3764; x_wconf 91' lang='lat' dir='ltr'>latum</span> <span class='ocrx_word' id='word_1_387' title='bbox 1070 3710 1102 3764; x_wconf 92' lang='lat' dir='ltr'>ad</span> <span class='ocrx_word' id='word_1_388' title='bbox 1124 3709 1206 3765; x_wconf 81' lang='lat' dir='ltr'>mmta</span> <span class='ocrx_word' id='word_1_389' title='bbox 1223 3729 1351 3784; x_wconf 89' lang='lat' dir='ltr'>passuum</span> <span class='ocrx_word' id='word_1_390' title='bbox 1367 3710 1439 3766; x_wconf 89' lang='lat' dir='ltr'>milia</span> <span class='ocrx_word' id='word_1_391' title='bbox 1455 3721 1612 3785; x_wconf 87' lang='lat' dir='ltr'>porrectus,</span> <span class='ocrx_word' id='word_1_392' title='bbox 1637 3722 1755 3769; x_wconf 77' lang='lat' dir='ltr'>uectae.</span> 
     </span>
    </p>

    <p class='ocr_par' dir='ltr' id='par_1_9' title="bbox 364 3795 1687 3870">
     <span class='ocr_line' id='line_1_36' title="bbox 364 3795 1687 3870; baseline -0.001 -18"><span class='ocrx_word' id='word_1_393' title='bbox 364 3801 487 3854; x_wconf 65' lang='lat' dir='ltr'>asininos</span> <span class='ocrx_word' id='word_1_394' title='bbox 511 3798 618 3853; x_wconf 90' lang='lat' dir='ltr'>interim</span> <span class='ocrx_word' id='word_1_395' title='bbox 646 3813 779 3856; x_wconf 67' lang='lat' dir='ltr'>amoenus:</span> <span class='ocrx_word' id='word_1_396' title='bbox 808 3796 908 3850; x_wconf 89' lang='lat' dir='ltr'>addunt</span> <span class='ocrx_word' id='word_1_397' title='bbox 931 3795 1044 3866; x_wconf 85' lang='lat' dir='ltr'>gratiam</span> <span class='ocrx_word' id='word_1_398' title='bbox 1067 3803 1175 3850; x_wconf 91' lang='lat' dir='ltr'>montes</span> <span class='ocrx_word' id='word_1_399' title='bbox 1198 3797 1335 3850; x_wconf 90' lang='lat' dir='ltr'>nemorosi</span> <span class='ocrx_word' id='word_1_400' title='bbox 1359 3798 1478 3870; x_wconf 87' lang='lat' dir='ltr'>undiquc</span> <span class='ocrx_word' id='word_1_401' title='bbox 1507 3815 1566 3851; x_wconf 89' lang='lat' dir='ltr'>sese</span> <span class='ocrx_word' id='word_1_402' title='bbox 1596 3805 1687 3870; x_wconf 83' lang='lat' dir='ltr'>osteu-</span> 
     </span>
    </p>

    <p class='ocr_par' dir='ltr' id='par_1_10' title="bbox 392 3857 1689 4208">
     <span class='ocr_line' id='line_1_37' title="bbox 396 3857 1687 3956; baseline -0.002 -19"><span class='ocrx_word' id='word_1_403' title='bbox 396 3892 501 3943; x_wconf 85' lang='lat' dir='ltr'>tantcs.</span> <span class='ocrx_word' id='word_1_404' title='bbox 526 3882 633 3956; x_wconf 89' lang='lat' dir='ltr'>quidam</span> <span class='ocrx_word' id='word_1_405' title='bbox 657 3882 776 3938; x_wconf 85' lang='lat' dir='ltr'>eminus.</span> <span class='ocrx_word' id='word_1_406' title='bbox 801 3857 908 3952; x_wconf 84' lang='lat' dir='ltr'>quidam</span> <span class='ocrx_word' id='word_1_407' title='bbox 932 3897 946 3933; x_wconf 88' lang='lat' dir='ltr'>e</span> <span class='ocrx_word' id='word_1_408' title='bbox 970 3880 1139 3952; x_wconf 83' lang='lat' dir='ltr'>propinquo:</span> <span class='ocrx_word' id='word_1_409' title='bbox 1164 3897 1223 3934; x_wconf 86' lang='lat' dir='ltr'>narn</span> <span class='ocrx_word' id='word_1_410' title='bbox 1248 3879 1426 3936; x_wconf 88' lang='lat' dir='ltr'>illicllhenns</span> <span class='ocrx_word' id='word_1_411' title='bbox 1448 3881 1564 3936; x_wconf 83' lang='lat' dir='ltr'>velutin</span> <span class='ocrx_word' id='word_1_412' title='bbox 1581 3881 1687 3955; x_wconf 82' lang='lat' dir='ltr'>Alpium</span> 
     </span>
     <span class='ocr_line' id='line_1_38' title="bbox 393 3963 1689 4040; baseline -0.002 -16"><span class='ocrx_word' id='word_1_413' title='bbox 393 3968 569 4040; x_wconf 77' lang='lat' dir='ltr'>confragosis</span> <span class='ocrx_word' id='word_1_414' title='bbox 592 3984 621 4021; x_wconf 91' lang='lat' dir='ltr'>ac</span> <span class='ocrx_word' id='word_1_415' title='bbox 645 3964 792 4038; x_wconf 64' lang='lat' dir='ltr'>praeruptis</span> <span class='ocrx_word' id='word_1_416' title='bbox 816 3963 882 4018; x_wconf 90' lang='lat' dir='ltr'>loeis</span> <span class='ocrx_word' id='word_1_417' title='bbox 905 3963 1070 4024; x_wconf 85' lang='lat' dir='ltr'>delassatus,</span> <span class='ocrx_word' id='word_1_418' title='bbox 1102 3973 1230 4036; x_wconf 87' lang='lat' dir='ltr'>tanquam</span> <span class='ocrx_word' id='word_1_419' title='bbox 1253 3982 1357 4020; x_wconf 78' lang='lat' dir='ltr'>aumno</span> <span class='ocrx_word' id='word_1_420' title='bbox 1381 3966 1531 4020; x_wconf 82' lang='lat' dir='ltr'>diversorio</span> <span class='ocrx_word' id='word_1_421' title='bbox 1554 3967 1689 4022; x_wconf 80' lang='lat' dir='ltr'>refocillat</span> 
     </span>
     <span class='ocr_line' id='line_1_39' title="bbox 393 4047 1688 4124; baseline 0.001 -19"><span class='ocrx_word' id='word_1_422' title='bbox 393 4070 469 4112; x_wconf 84' lang='lat' dir='ltr'>sese.</span> <span class='ocrx_word' id='word_1_423' title='bbox 495 4051 643 4124; x_wconf 86' lang='lat' dir='ltr'>peronius</span> <span class='ocrx_word' id='word_1_424' title='bbox 665 4050 781 4105; x_wconf 89' lang='lat' dir='ltr'>medium</span> <span class='ocrx_word' id='word_1_425' title='bbox 804 4048 903 4102; x_wconf 90' lang='lat' dir='ltr'>leniter</span> <span class='ocrx_word' id='word_1_426' title='bbox 924 4047 1051 4103; x_wconf 87' lang='lat' dir='ltr'>delabens</span> <span class='ocrx_word' id='word_1_427' title='bbox 1074 4050 1143 4121; x_wconf 90' lang='lat' dir='ltr'>apud</span> <span class='ocrx_word' id='word_1_428' title='bbox 1166 4049 1350 4104; x_wconf 77' lang='lat' dir='ltr'>Constantiam</span> <span class='ocrx_word' id='word_1_429' title='bbox 1373 4052 1470 4124; x_wconf 91' lang='lat' dir='ltr'>recipit</span> <span class='ocrx_word' id='word_1_430' title='bbox 1491 4068 1550 4106; x_wconf 88' lang='lat' dir='ltr'>sese</span> <span class='ocrx_word' id='word_1_431' title='bbox 1568 4051 1593 4104; x_wconf 95' lang='lat' dir='ltr'>in</span> <span class='ocrx_word' id='word_1_432' title='bbox 1610 4069 1688 4106; x_wconf 92' lang='lat' dir='ltr'>suum</span> 
     </span>
     <span class='ocr_line' id='line_1_40' title="bbox 392 4132 1688 4208; baseline -0.002 -16"><span class='ocrx_word' id='word_1_433' title='bbox 392 4138 515 4194; x_wconf 75' lang='lat' dir='ltr'>alveum.</span> <span class='ocrx_word' id='word_1_434' title='bbox 541 4143 651 4208; x_wconf 89' lang='lat' dir='ltr'>recepto</span> <span class='ocrx_word' id='word_1_435' title='bbox 675 4133 753 4189; x_wconf 91' lang='lat' dir='ltr'>simul</span> <span class='ocrx_word' id='word_1_436' title='bbox 777 4142 804 4187; x_wconf 91' lang='lat' dir='ltr'>et</span> <span class='ocrx_word' id='word_1_437' title='bbox 827 4133 949 4191; x_wconf 90' lang='lat' dir='ltr'>nomine,</span> <span class='ocrx_word' id='word_1_438' title='bbox 973 4150 1126 4204; x_wconf 90' lang='lat' dir='ltr'>quanquam</span> <span class='ocrx_word' id='word_1_439' title='bbox 1140 4141 1225 4199; x_wconf 84' lang='lat' dir='ltr'>totps</span> <span class='ocrx_word' id='word_1_440' title='bbox 1248 4132 1322 4190; x_wconf 87' lang='lat' dir='ltr'>lacus</span> <span class='ocrx_word' id='word_1_441' title='bbox 1344 4153 1453 4208; x_wconf 91' lang='lat' dir='ltr'>semper</span> <span class='ocrx_word' id='word_1_442' title='bbox 1474 4135 1571 4195; x_wconf 72' lang='lat' dir='ltr'>maluit</span> <span class='ocrx_word' id='word_1_443' title='bbox 1591 4153 1688 4191; x_wconf 81' lang='lat' dir='ltr'>urnuen</span> 
     </span>
    </p>

    <p class='ocr_par' dir='ltr' id='par_1_11' title="bbox 355 4216 1757 4629">
     <span class='ocr_line' id='line_1_41' title="bbox 355 4216 1690 4292; baseline -0.002 -16"><span class='ocrx_word' id='word_1_444' title='bbox 355 4218 478 4276; x_wconf 65' lang='grc' dir='ltr'>ωιιιιιιῑι</span> <span class='ocrx_word' id='word_1_445' title='bbox 502 4219 601 4275; x_wconf 88' lang='lat' dir='ltr'>dehere</span> <span class='ocrx_word' id='word_1_446' title='bbox 623 4218 739 4277; x_wconf 80' lang='lat' dir='ltr'>civitati.</span> <span class='ocrx_word' id='word_1_447' title='bbox 764 4217 943 4288; x_wconf 76' lang='lat' dir='ltr'>bregantinos</span> <span class='ocrx_word' id='word_1_448' title='bbox 966 4216 1030 4271; x_wconf 89' lang='lat' dir='ltr'>olim</span> <span class='ocrx_word' id='word_1_449' title='bbox 1053 4217 1141 4292; x_wconf 88' lang='lat' dir='ltr'>dictus</span> <span class='ocrx_word' id='word_1_450' title='bbox 1165 4219 1210 4290; x_wconf 90' lang='lat' dir='ltr'>qui</span> <span class='ocrx_word' id='word_1_451' title='bbox 1234 4235 1305 4273; x_wconf 83' lang='lat' dir='ltr'>ntrnc</span> <span class='ocrx_word' id='word_1_452' title='bbox 1327 4219 1543 4279; x_wconf 73' lang='lat' dir='ltr'>constantiensis</span> <span class='ocrx_word' id='word_1_453' title='bbox 1571 4220 1690 4292; x_wconf 89' lang='lat' dir='ltr'>appella·</span> 
     </span>
     <span class='ocr_line' id='line_1_42' title="bbox 397 4300 1691 4375; baseline -0.003 -15"><span class='ocrx_word' id='word_1_454' title='bbox 397 4315 459 4365; x_wconf 88' lang='lat' dir='ltr'>tur.</span> <span class='ocrx_word' id='word_1_455' title='bbox 490 4304 577 4359; x_wconf 91' lang='lat' dir='ltr'>donec</span> <span class='ocrx_word' id='word_1_456' title='bbox 606 4303 630 4358; x_wconf 93' lang='lat' dir='ltr'>ci</span> <span class='ocrx_word' id='word_1_457' title='bbox 655 4320 715 4375; x_wconf 77' lang='lat' dir='ltr'>quai</span> <span class='ocrx_word' id='word_1_458' title='bbox 744 4318 815 4356; x_wconf 89' lang='lat' dir='ltr'>nnnc</span> <span class='ocrx_word' id='word_1_459' title='bbox 837 4300 994 4356; x_wconf 75' lang='lat' dir='ltr'>Constantia</span> <span class='ocrx_word' id='word_1_460' title='bbox 1023 4310 1148 4361; x_wconf 83' lang='lat' dir='ltr'>vocatur.</span> <span class='ocrx_word' id='word_1_461' title='bbox 1178 4302 1312 4374; x_wconf 84' lang='lat' dir='ltr'>Breganto</span> <span class='ocrx_word' id='word_1_462' title='bbox 1339 4320 1437 4359; x_wconf 92' lang='lat' dir='ltr'>nomen</span> <span class='ocrx_word' id='word_1_463' title='bbox 1466 4313 1547 4358; x_wconf 88' lang='lat' dir='ltr'>esset.</span> <span class='ocrx_word' id='word_1_464' title='bbox 1591 4304 1691 4357; x_wconf 88' lang='lat' dir='ltr'>dicitur</span> 
     </span>
     <span class='ocr_line' id='line_1_43' title="bbox 394 4384 1690 4463; baseline -0.005 -18"><span class='ocrx_word' id='word_1_465' title='bbox 394 4400 422 4445; x_wconf 88' lang='lat' dir='ltr'>et</span> <span class='ocrx_word' id='word_1_466' title='bbox 447 4390 572 4463; x_wconf 84' lang='lat' dir='ltr'>piscosus</span> <span class='ocrx_word' id='word_1_467' title='bbox 595 4404 654 4442; x_wconf 89' lang='lat' dir='ltr'>esse</span> <span class='ocrx_word' id='word_1_468' title='bbox 678 4394 705 4441; x_wconf 90' lang='lat' dir='ltr'>et</span> <span class='ocrx_word' id='word_1_469' title='bbox 728 4385 922 4460; x_wconf 76' lang='lat' dir='ltr'>profunditatis</span> <span class='ocrx_word' id='word_1_470' title='bbox 945 4384 985 4438; x_wconf 82' lang='lat' dir='ltr'>vix</span> <span class='ocrx_word' id='word_1_471' title='bbox 1008 4386 1164 4446; x_wconf 72' lang='lat' dir='ltr'>credendae,</span> <span class='ocrx_word' id='word_1_472' title='bbox 1187 4387 1254 4440; x_wconf 86' lang='lat' dir='ltr'>adeo</span> <span class='ocrx_word' id='word_1_473' title='bbox 1276 4395 1307 4440; x_wconf 93' lang='lat' dir='ltr'>ut</span> <span class='ocrx_word' id='word_1_474' title='bbox 1328 4385 1425 4441; x_wconf 88' lang='lat' dir='ltr'>alicubi</span> <span class='ocrx_word' id='word_1_475' title='bbox 1449 4399 1550 4441; x_wconf 69' lang='lat' dir='ltr'>summ</span> <span class='ocrx_word' id='word_1_476' title='bbox 1573 4403 1641 4458; x_wconf 90' lang='lat' dir='ltr'>aqua</span> <span class='ocrx_word' id='word_1_477' title='bbox 1658 4385 1690 4439; x_wconf 90' lang='lat' dir='ltr'>ah</span> 
     </span>
     <span class='ocr_line' id='line_1_44' title="bbox 395 4469 1689 4542; baseline -0.006 -12"><span class='ocrx_word' id='word_1_478' title='bbox 395 4476 451 4530; x_wconf 89' lang='lat' dir='ltr'>imo</span> <span class='ocrx_word' id='word_1_479' title='bbox 475 4473 560 4527; x_wconf 84' lang='lat' dir='ltr'>frando</span> <span class='ocrx_word' id='word_1_480' title='bbox 583 4471 654 4526; x_wconf 88' lang='lat' dir='ltr'>absit</span> <span class='ocrx_word' id='word_1_481' title='bbox 681 4470 779 4526; x_wconf 89' lang='lat' dir='ltr'>cubitis</span> <span class='ocrx_word' id='word_1_482' title='bbox 807 4478 931 4524; x_wconf 88' lang='lat' dir='ltr'>centum:</span> <span class='ocrx_word' id='word_1_483' title='bbox 962 4486 1021 4523; x_wconf 86' lang='lat' dir='ltr'>naui</span> <span class='ocrx_word' id='word_1_484' title='bbox 1050 4470 1125 4524; x_wconf 90' lang='lat' dir='ltr'>aiunt</span> <span class='ocrx_word' id='word_1_485' title='bbox 1157 4470 1306 4542; x_wconf 89' lang='lat' dir='ltr'>ingentium</span> <span class='ocrx_word' id='word_1_486' title='bbox 1336 4471 1468 4526; x_wconf 87' lang='lat' dir='ltr'>ruentium</span> <span class='ocrx_word' id='word_1_487' title='bbox 1498 4469 1583 4524; x_wconf 92' lang='lat' dir='ltr'>moles</span> <span class='ocrx_word' id='word_1_488' title='bbox 1611 4470 1689 4541; x_wconf 92' lang='lat' dir='ltr'>aquis</span> 
     </span>
     <span class='ocr_line' id='line_1_45' title="bbox 394 4552 1757 4629; baseline -0.004 -16"><span class='ocrx_word' id='word_1_489' title='bbox 394 4560 476 4613; x_wconf 89' lang='lat' dir='ltr'>huius</span> <span class='ocrx_word' id='word_1_490' title='bbox 501 4557 565 4629; x_wconf 87' lang='lat' dir='ltr'>tegi.</span> <span class='ocrx_word' id='word_1_491' title='bbox 610 4557 634 4610; x_wconf 89' lang='lat' dir='ltr'>ls</span> <span class='ocrx_word' id='word_1_492' title='bbox 658 4556 703 4627; x_wconf 91' lang='lat' dir='ltr'>qui</span> <span class='ocrx_word' id='word_1_493' title='bbox 727 4561 827 4628; x_wconf 70' lang='lat' dir='ltr'>praeest</span> <span class='ocrx_word' id='word_1_494' title='bbox 849 4552 975 4608; x_wconf 87' lang='lat' dir='ltr'>sodalitio</span> <span class='ocrx_word' id='word_1_495' title='bbox 997 4553 1216 4614; x_wconf 85' lang='lat' dir='ltr'>Dominicalium,</span> <span class='ocrx_word' id='word_1_496' title='bbox 1241 4555 1280 4607; x_wconf 88' lang='lat' dir='ltr'>vir</span> <span class='ocrx_word' id='word_1_497' title='bbox 1303 4554 1495 4626; x_wconf 87' lang='lat' dir='ltr'>integerrimus</span> <span class='ocrx_word' id='word_1_498' title='bbox 1511 4553 1688 4625; x_wconf 87' lang='lat' dir='ltr'>doctrinaque</span> <span class='ocrx_word' id='word_1_499' title='bbox 1699 4559 1757 4607; x_wconf 61' lang='lat'>§.³2</span> 
     </span>
    </p>

    <p class='ocr_par' dir='ltr' id='par_1_12' title="bbox 348 4636 1688 4710">
     <span class='ocr_line' id='line_1_46' title="bbox 348 4636 1688 4710; baseline -0.001 -17"><span class='ocrx_word' id='word_1_500' title='bbox 348 4642 501 4702; x_wconf 70' lang='lat' dir='ltr'>assolida.</span> <span class='ocrx_word' id='word_1_501' title='bbox 525 4642 571 4695; x_wconf 88' lang='lat' dir='ltr'>scd</span> <span class='ocrx_word' id='word_1_502' title='bbox 596 4641 621 4694; x_wconf 92' lang='lat' dir='ltr'>in</span> <span class='ocrx_word' id='word_1_503' title='bbox 644 4638 821 4695; x_wconf 88' lang='lat' dir='ltr'>concionibus</span> <span class='ocrx_word' id='word_1_504' title='bbox 844 4637 928 4694; x_wconf 89' lang='lat' dir='ltr'>sacris</span> <span class='ocrx_word' id='word_1_505' title='bbox 950 4637 1100 4693; x_wconf 91' lang='lat' dir='ltr'>admirabili</span> <span class='ocrx_word' id='word_1_506' title='bbox 1123 4638 1235 4710; x_wconf 91' lang='lat' dir='ltr'>quadam</span> <span class='ocrx_word' id='word_1_507' title='bbox 1260 4638 1396 4698; x_wconf 88' lang='lat' dir='ltr'>facumlia.</span> <span class='ocrx_word' id='word_1_508' title='bbox 1425 4637 1534 4692; x_wconf 83' lang='lat' dir='ltr'>donarit</span> <span class='ocrx_word' id='word_1_509' title='bbox 1557 4636 1635 4691; x_wconf 90' lang='lat' dir='ltr'>nohis</span> <span class='ocrx_word' id='word_1_510' title='bbox 1657 4654 1688 4691; x_wconf 84' lang='lat' dir='ltr'>ex</span> 
     </span>
    </p>
   </div>
   <div class='ocr_carea' id='block_1_3' title="bbox 394 4814 1690 5135">
    <p class='ocr_par' dir='ltr' id='par_1_13' title="bbox 394 4814 1690 5135">
     <span class='ocr_line' id='line_1_47' title="bbox 463 4814 1690 4888; baseline -0.005 -16"><span class='ocrx_word' id='word_1_511' title='bbox 463 4823 484 4856; x_wconf 83' lang='lat'>¹⁷</span> <span class='ocrx_word' id='word_1_512' title='bbox 502 4820 595 4888; x_wconf 84' lang='lat' dir='ltr'>Hngo]</span> <span class='ocrx_word' id='word_1_513' title='bbox 616 4822 650 4871; x_wconf 79' lang='lat' dir='ltr'>ab</span> <span class='ocrx_word' id='word_1_514' title='bbox 668 4819 927 4883; x_wconf 81' lang='lat' dir='ltr'>Hohenlendsherg.</span> <span class='ocrx_word' id='word_1_515' title='bbox 987 4817 1007 4850; x_wconf 78' lang='lat'>⁴¹</span> <span class='ocrx_word' id='word_1_516' title='bbox 1028 4834 1087 4882; x_wconf 86' lang='lat' dir='ltr'>quoe</span> <span class='ocrx_word' id='word_1_517' title='bbox 1107 4832 1179 4865; x_wconf 80' lang='lat' dir='ltr'>nime</span> <span class='ocrx_word' id='word_1_518' title='bbox 1198 4814 1256 4879; x_wconf 76' lang='lat' dir='ltr'>ho]</span> <span class='ocrx_word' id='word_1_519' title='bbox 1278 4817 1308 4865; x_wconf 91' lang='lat' dir='ltr'>ln</span> <span class='ocrx_word' id='word_1_520' title='bbox 1328 4818 1409 4867; x_wconf 86' lang='lat' dir='ltr'>rebus</span> <span class='ocrx_word' id='word_1_521' title='bbox 1428 4817 1624 4882; x_wconf 79' lang='lat' dir='ltr'>geographicis</span> <span class='ocrx_word' id='word_1_522' title='bbox 1642 4833 1690 4881; x_wconf 83' lang='lat' dir='ltr'>pu-</span> 
     </span>
     <span class='ocr_line' id='line_1_48' title="bbox 395 4900 1690 4966; baseline -0.007 -8"><span class='ocrx_word' id='word_1_523' title='bbox 395 4924 452 4958; x_wconf 86' lang='lat' dir='ltr'>rum</span> <span class='ocrx_word' id='word_1_524' title='bbox 471 4908 582 4957; x_wconf 86' lang='lat' dir='ltr'>doctum</span> <span class='ocrx_word' id='word_1_525' title='bbox 602 4906 688 4954; x_wconf 79' lang='lat' dir='ltr'>fuisse</span> <span class='ocrx_word' id='word_1_526' title='bbox 707 4906 850 4953; x_wconf 81' lang='lat' dir='ltr'>Erasmum</span> <span class='ocrx_word' id='word_1_527' title='bbox 871 4908 988 4952; x_wconf 82' lang='lat' dir='ltr'>constat.</span> <span class='ocrx_word' id='word_1_528' title='bbox 1015 4901 1180 4951; x_wconf 83' lang='lat' dir='ltr'>Constantio</span> <span class='ocrx_word' id='word_1_529' title='bbox 1202 4900 1340 4964; x_wconf 83' lang='lat' dir='ltr'>nunquam</span> <span class='ocrx_word' id='word_1_530' title='bbox 1364 4902 1498 4966; x_wconf 78' lang='lat' dir='ltr'>Breganti</span> <span class='ocrx_word' id='word_1_531' title='bbox 1522 4915 1619 4949; x_wconf 86' lang='lat' dir='ltr'>nomen</span> <span class='ocrx_word' id='word_1_532' title='bbox 1643 4901 1690 4949; x_wconf 81' lang='lat' dir='ltr'>ha·</span> 
     </span>
     <span class='ocr_line' id='line_1_49' title="bbox 394 4983 1690 5055; baseline -0.006 -14"><span class='ocrx_word' id='word_1_533' title='bbox 394 4993 464 5041; x_wconf 87' lang='lat' dir='ltr'>buit.</span> <span class='ocrx_word' id='word_1_534' title='bbox 502 4990 546 5040; x_wconf 81' lang='lat' dir='ltr'>cf.</span> <span class='ocrx_word' id='word_1_535' title='bbox 567 5004 627 5054; x_wconf 81' lang='lat' dir='ltr'>quae</span> <span class='ocrx_word' id='word_1_536' title='bbox 647 4987 683 5037; x_wconf 80' lang='lat' dir='ltr'>ad</span> <span class='ocrx_word' id='word_1_537' title='bbox 701 4988 837 5037; x_wconf 81' lang='lat' dir='ltr'>Notitiam</span> <span class='ocrx_word' id='word_1_538' title='bbox 856 4987 1023 5051; x_wconf 81' lang='lat' dir='ltr'>dignitatum</span> <span class='ocrx_word' id='word_1_539' title='bbox 1043 4985 1158 5047; x_wconf 83' lang='lat' dir='ltr'>utriusq.</span> <span class='ocrx_word' id='word_1_540' title='bbox 1174 4986 1236 5049; x_wconf 86' lang='lat' dir='ltr'>imp.</span> <span class='ocrx_word' id='word_1_541' title='bbox 1253 4984 1288 5055; x_wconf 85' lang='grc' dir='ltr'>ΙΙ.</span> <span class='ocrx_word' id='word_1_542' title='bbox 1304 5002 1329 5050; x_wconf 89' lang='lat' dir='ltr'>p.</span> <span class='ocrx_word' id='word_1_543' title='bbox 1343 4983 1401 5035; x_wconf 77' lang='lat'>800.</span> <span class='ocrx_word' id='word_1_544' title='bbox 1417 5003 1475 5050; x_wconf 87' lang='lat' dir='ltr'>sqq.</span> <span class='ocrx_word' id='word_1_545' title='bbox 1490 4985 1690 5033; x_wconf 76' lang='lat' dir='ltr'>adnotavimus.</span> 
     </span>
     <span class='ocr_line' id='line_1_50' title="bbox 396 5068 1364 5135; baseline -0.008 -8"><span class='ocrx_word' id='word_1_546' title='bbox 396 5075 415 5109; x_wconf 84' lang='lat'>⁴¹</span> <span class='ocrx_word' id='word_1_547' title='bbox 435 5082 586 5127; x_wconf 76' lang='lat' dir='ltr'>vocaretur</span> <span class='ocrx_word' id='word_1_548' title='bbox 604 5089 696 5122; x_wconf 82' lang='lat' dir='ltr'>omnes.</span> <span class='ocrx_word' id='word_1_549' title='bbox 750 5069 772 5103; x_wconf 85' lang='lat'>⁴³</span> <span class='ocrx_word' id='word_1_550' title='bbox 792 5071 895 5121; x_wconf 84' lang='lat' dir='ltr'>cubitis</span> <span class='ocrx_word' id='word_1_551' title='bbox 913 5068 1033 5135; x_wconf 86' lang='lat' dir='ltr'>centum]</span> <span class='ocrx_word' id='word_1_552' title='bbox 1053 5070 1138 5118; x_wconf 84' lang='lat' dir='ltr'>Immo</span> <span class='ocrx_word' id='word_1_553' title='bbox 1156 5068 1217 5133; x_wconf 83' lang='lat' dir='ltr'>plue</span> <span class='ocrx_word' id='word_1_554' title='bbox 1237 5083 1318 5131; x_wconf 84' lang='lat' dir='ltr'>quam</span> <span class='ocrx_word' id='word_1_555' title='bbox 1330 5071 1364 5119; x_wconf 87' lang='lat' dir='ltr'>D.</span> 
     </span>
    </p>
   </div>
   <div class='ocr_carea' id='block_1_4' title="bbox 0 0 2198 6084">
    <p class='ocr_par' dir='ltr' id='par_1_14' title="bbox 0 0 2198 6084">
     <span class='ocr_line' id='line_1_51' title="bbox 0 0 2198 6084; baseline 0 0"><span class='ocrx_word' id='word_1_556' title='bbox 0 0 2198 6084; x_wconf 95' lang='lat' dir='ltr'> </span> 
     </span>
    </p>
   </div>
  </div>
 </body>
</html>
