4367 6084
537 693 611 763 450
649 705 804 756 cccxcii.
824 723 1030 757 arrennonrrrr
1043 722 1080 757 nn
1092 723 1197 758 neusin
1211 724 1353 760 ninnnnru
1368 724 1452 760 treas
1465 724 1602 766 ossanna.
1622 726 1704 760 rnen.
1720 718 1778 759 titt.

537 883 668 939 ducentos
691 899 803 943 aureos,
826 891 887 937 cum
910 880 1017 936 articuli
1041 881 1091 937 mei
1116 881 1246 942 lralieant,
1268 889 1390 953 propter
1408 883 1564 953 impetitum
1585 889 1613 938 et
1630 886 1823 946 innocentium,

537 975 564 1022 rt
586 970 807 1038 simplicitatem,
828 968 1010 1036 puerperibus
1028 981 1090 1021 esse
1112 967 1306 1037 elurpiendom
1320 969 1489 1037 pecuniam:
1511 967 1635 1022 odiosius
1650 977 1749 1030 autem,
1771 986 1824 1024 eum

538 1052 643 1126 plebem
668 1052 693 1106 111
717 1068 777 1106 eum
799 1051 937 1106 concitare
959 1049 1083 1111 debeam,
1116 1051 1258 1123 cumipse
1286 1067 1399 1122 magnos
1425 1051 1510 1111 viros,
1542 1059 1571 1105 et
1603 1061 1754 1125 quotquot·
1774 1054 1823 1107 fere

538 1146 600 1191 sunt
624 1135 763 1190 literarum
788 1152 916 1208 proceres
937 1152 951 1189 a
974 1152 1016 1189 me
1036 1133 1154 1190 alienare
1176 1135 1326 1195 studuerit,
1361 1152 1410 1189 nec
1440 1134 1503 1189 milii
1529 1152 1646 1208 unquam
1669 1153 1730 1192 cum
1753 1137 1824 1209 plebe

538 1221 675 1294 quippiam
698 1237 840 1274 coiumune
868 1220 951 1274 fuerit
981 1219 1031 1273 nisi
1055 1219 1170 1274 forsitan
1193 1218 1300 1291 plebem
1322 1226 1399 1274 vocet
1421 1220 1626 1290 magistratum,
1661 1238 1742 1292 quern
1771 1222 1841 1276 rel-⁵

537 1304 615 1360 (leudi
641 1304 707 1359 iuris
730 1304 816 1375 gratia
839 1303 1013 1377 appellarim:
1037 1303 1088 1358 l‘er
1109 1303 1227 1358 triduum
1250 1302 1380 1357 haesimus
1403 1303 1429 1356 in
1454 1310 1592 1372 postremo
1615 1304 1747 1365 articulo,
1775 1314 1825 1359 tan·

537 1389 596 1444 clem
619 1388 746 1449 arbitris,
769 1388 867 1444 eximio
888 1387 1002 1442 lloetore
1027 1387 1163 1442 llonifacio
1185 1386 1377 1447 birrerlracliio,
1411 1395 1439 1441 et
1466 1387 1493 1441 u.
1518 1387 1599 1443 bento
1622 1389 1765 1448 lilrenano,
1795 1390 1824 1443 de

537 1491 568 1528 ca
596 1491 624 1528 re
654 1473 816 1546 promissum
847 1479 889 1527 est
917 1471 1098 1545 pronunciare
1126 1471 1241 1526 testibus
1269 1470 1452 1543 praesentibus
1483 1470 1644 1527 clarissimis
1671 1482 1699 1527 et
1723 1474 1825 1545 optimis

537 1558 601 1612 viris
628 1556 743 1612 lioctore
765 1557 900 1612 Ludovieo
930 1556 1012 1618 llero,
1042 1564 1070 1609 et
1101 1555 1129 1610 li.
1159 1555 1273 1609 llenrico
1305 1555 1450 1615 Glareano,
1479 1564 1506 1609 et
1534 1563 1599 1628 post
1627 1556 1824 1630 stipulationem

537 1642 680 1713 utriusque
703 1649 826 1695 nostrum
855 1640 966 1696 recitata
995 1648 1037 1695 est
1068 1657 1118 1712 per
1138 1639 1167 1694 u.
1190 1639 1355 1694 bonifacium
1378 1639 1512 1694 sententia
1535 1640 1606 1694 llaec:
1832 1651 1851 1690 u

537 1734 738 1812 stiliffgsslvpll·
859 1740 1018 1808 „Quoniam
1037 1756 1077 1794 en
1099 1755 1240 1795 consensu
1256 1743 1406 1811 utriusque
1421 1741 1501 1795 nobis
1515 1741 1560 1794 ius
1573 1740 1701 1810 fecistis,
1724 1743 1828 1796 dissidii

538 1829 632 1893 „inter
660 1842 708 1879 ros
730 1827 820 1879 (turice
839 1827 1039 1897 conponendi,
1070 1827 1159 1880 visum
1182 1830 1224 1878 cst
1246 1825 1340 1890 nobis,
1375 1831 1406 1879 ut
1427 1831 1456 1872 e.
1481 1831 1629 1873 ERASMVS
1660 1825 1699 1879 od
1724 1828 1824 1881 enitun-

537 1912 622 1990 „dpm
641 1911 811 1975 molestiam,
834 1918 861 1964 et
876 1909 1008 1964 olendum
1025 1909 1217 1964 Christianum
1232 1908 1429 1976 concordium,
1448 1914 1571 1979 proestet
1594 1910 1666 1963 duos
1684 1912 1825 1974 articulos,

538 1997 630 2062 „sicut
652 1996 760 2063 scripto
782 1996 907 2063 recepit:
928 2011 983 2063 pro
1006 1996 1089 2049 tertio
1113 1994 1209 2048 eodem
1231 1996 1326 2047 animo
1349 2009 1406 2048 nou
1429 1993 1600 2064 provehitur
1621 1995 1652 2047 in
1675 1995 1826 2049 subsidium

538 2094 736 2149 ‚,pouperum,
760 2078 831 2132 dure
848 2079 974 2147 florenos
995 2080 1112 2133 circiter
1138 2079 1251 2148 vipinti,
1284 2084 1381 2131 nostro
1405 2078 1524 2131 arbitrio
1553 2078 1779 2147 dispensandos,
1803 2085 1855 2131 uo

537 2165 619 2230 ,‚lroec
636 2161 774 2232 socienda
793 2155 955 2227 censemus,
977 2164 1052 2217 citro
1072 2168 1167 2217 notum
1192 2162 1375 2227 alterutrim,
1396 2168 1506 2215 tuntum
1528 2168 1559 2215 ut
1582 2163 1719 2232 utrinque
1742 2163 1825 2232 offen·

537 2251 610 2314 ,‚sis,
637 2248 761 2316 querelis
778 2253 806 2300 et
824 2248 1033 2316 suspicionibus
1048 2248 1172 2313 abolitis,
1196 2249 1231 2302 dc
1245 2247 1355 2315 intepro
1374 2253 1519 2300 certamen
1537 2248 1613 2299 inter
1634 2263 1684 2301 eos
1698 2248 1735 2301 sit
1750 2249 1826 2302 bene·

538 2333 699 2398 ,‚eolentice,
732 2348 796 2386 rum
818 2332 955 2386 obliuione
979 2334 1196 2402 preteritorum
1225 2331 1363 2396 omnium,
1391 2330 1516 2399 perinde
1540 2332 1626 2400 quusi
1649 2331 1723 2384 nibil
1749 2335 1826 2390 esset,

539 2423 610 2484 „out
630 2417 734 2471 dictum
758 2422 809 2469 out
831 2415 960 2486 sactum:
987 2424 1014 2463 11.
1039 2423 1193 2464 tierricus
1213 2421 1466 2463 repercutientis
1487 2420 1616 2484 premnt,
1636 2417 1664 2468 si
1677 2417 1749 2484 quid
1761 2415 1827 2470 ecri-

538 2502 628 2570 ,‚psit:
661 2506 688 2553 et
712 2502 827 2570 utrique
848 2500 966 2554 liberum
989 2501 1190 2570 relinquimus,
1220 2515 1258 2552 on
1279 2499 1398 2552 uicissim
1418 2499 1513 2570 utiquo
1534 2499 1735 2553 benevolentior
1756 2508 1854 2570 sym-tt

539 2584 634 2650 „boio‚
657 2602 693 2638 on
713 2587 811 2653 potius
832 2570 1046 2639 mutuo'animo
1069 2585 1194 2639 contenti
1212 2598 1274 2637 esse
1298 2583 1390 2637 uelint.
1428 2584 1530 2638 Actum
1546 2583 1673 2637 Bosiieoe
1694 2584 1827 2654 postridie

538 2669 769 2738 „purifieotionis
788 2667 870 2723 Anno
891 2668 1007 2723 Domini
1028 2670 1227 2721 rtlDXXVIII.
1376 2732 1378 2737 ,

1146 2744 1175 2785 e.
1196 2742 1358 2784 rennuere
1380 2742 1755 2784 nemorumnemorum

624 2818 688 2873 Cum
711 2817 853 2874 arbitrium
876 2819 1002 2879 liaberet,
1026 2827 1120 2875 contra
1144 2818 1216 2891 quod
1240 2818 1298 2873 iure
1321 2819 1443 2892 excipere
1466 2835 1588 2891 possem,
1614 2827 1704 2874 tamen
1725 2837 1759 2874 ne
1779 2836 1826 2890 ego

538 2902 691 2958 concordiae
713 2903 807 2957 deesse
830 2902 948 2965 viderer,
983 2911 1010 2958 et
1040 2905 1067 2957 iu
1098 2913 1151 2957 tam
1180 2920 1339 2974 magnorum
1368 2904 1488 2958 virorum
1516 2903 1632 2974 gratiam
1661 2912 1775 2975 rogatus
1796 2914 1854 2957 anta

539 2986 670 3061 placeret.
702 2987 830 3060 respondi
853 2987 973 3061 placere,
1001 2997 1083 3060 atque
1107 3003 1185 3041 rirauu
1208 3005 1266 3041 mea
1290 2986 1355 3042 illud
1379 2986 1530 3046 firmabam,
1560 2987 1686 3059 symbolo
1712 2987 1827 3043 reconci-

538 3071 595 3126 liati
619 3071 698 3125 aninii
721 3071 857 3133 exhibito,
881 3072 1033 3145 iunctisque
1055 3072 1173 3131 dextris,
1197 3070 1335 3126 altisimus.
1374 3071 1508 3127 Postridie
1522 3088 1599 3126 crena
1615 3071 1756 3132 absoluta,
1779 3088 1825 3144 qua

539 3155 705 3229 excipiehar,
729 3156 783 3211 diri
806 3157 931 3218 Erasmo,
954 3165 1064 3230 pararet
1086 3156 1179 3209 literas
1202 3156 1233 3209 1111
1249 3155 1415 3229 Principem,
1438 3155 1565 3210 nuncium
1581 3172 1624 3210 me
1639 3155 1749 3217 habere,
1771 3173 1825 3211 cum

539 3257 594 3314 quo
618 3248 677 3295 tuto
701 3240 850 3302 mitterem,
881 3241 1022 3314 respondit
1045 3258 1073 3296 se
1097 3239 1261 3312 scripturum
1284 3238 1463 3301 cancellario,
1492 3256 1564 3312 nego
1590 3257 1655 3311 ego,
1685 3248 1765 3295 atrox
1785 3240 1825 3294 diu
1883 3298 1886 3306 ¹

539 3326 596 3379 rixa
620 3324 685 3385 luit.
710 3343 859 3398 parumque
882 3324 982 3386 abfuit,
1017 3325 1081 3398 quin
1105 3323 1174 3379 inale
1196 3332 1309 3379 consuta
1338 3324 1439 3396 gratia,
1472 3323 1590 3396 pessime
1619 3323 1854 3383 rescinderemus

538 3409 711 3464 veliementer
733 3418 821 3471 certe,
846 3410 927 3465 rnotis
949 3410 1077 3482 utrinqne
1100 3408 1196 3463 animis
1219 3407 1264 3462 illa
1286 3416 1366 3464 nocte
1387 3409 1537 3464 discessum
1560 3416 1615 3462 est:
1644 3418 1759 3481 postero
1787 3408 1826 3463 die

538 3494 623 3548 mittit
646 3493 775 3549 famulum
797 3495 829 3548 ail
852 3491 1000 3566 hospitium
1023 3510 1127 3554 inerim,
1154 3509 1288 3548 unacum
1312 3492 1399 3548 literis
1422 3493 1453 3548 ad
1475 3488 1571 3548 duceni
1594 3492 1743 3564 Georgium
1765 3492 1825 3548 seri·

539 3578 602 3651 ptis.
647 3578 711 3650 legi
735 3578 865 3651 primum,
890 3578 956 3633 iussi
979 3577 1137 3650 obsignaret
1159 3577 1290 3639 termino,
1314 3584 1395 3650 utque
1418 3576 1546 3633 llasileam
1569 3575 1679 3650 reliqui.

622 3677 675 3732 lam
698 3695 769 3734 nuuc
791 3678 917 3733 fortassis
939 3678 1058 3749 cogitas,
1081 3678 1192 3739 lector,
1216 3677 1281 3750 quid
1296 3678 1435 3733 Erasmum
1458 3677 1613 3750 impulerit,
1637 3679 1664 3732 111
1687 3686 1742 3734 taur
1757 3695 1825 3734 acer·

539 3753 652 3817 lium'et
675 3762 758 3818 ferme
781 3761 1005 3818 irreconciliabile
1028 3763 1079 3818 mei
1104 3762 1209 3823 odium,
1239 3771 1270 3816 ut
1295 3761 1498 3817 clementissimi
1517 3761 1651 3835 Principis
1675 3764 1791 3817 animum
1812 3778 1853 3818 ass

538 3864 579 3901 me
602 3845 738 3906 alienarii,
762 3855 793 3900 ut
815 3863 909 3901 omncs
932 3847 1019 3902 liorros
1041 3856 1068 3901 et
1089 3846 1217 3901 ‹ronlatos
1235 3845 1383 3901 Germaniae
1405 3845 1479 3901 viros
1502 3846 1528 3899 iu
1551 3863 1593 3899 me
1616 3863 1765 3919 provocare
1784 3863 1825 3902 co·

538 3938 617 3984 natus
638 3930 675 3984 sit
708 3928 777 3999 (lime
804 3930 874 3988 euim
902 3946 956 3985 nou
985 3930 1080 4002 latent)
1114 3930 1195 3986 immo
1223 3929 1358 3985 Vatinium
1381 3930 1513 4003 quendam
1535 3947 1567 3985 er
1589 3947 1632 3985 mc
1662 3931 1752 3987 facere
1774 3938 1826 3986 stu·

538 4013 646 4068 eluerit?
668 4031 775 4067 causam
799 4012 942 4074 referrem,
965 4014 988 4069 si
1011 4014 1125 4071 alienius
1149 4013 1276 4070 iiromenti
1297 4022 1386 4075 esset,
1409 4031 1480 4070 nuuc
1503 4031 1589 4086 nugas
1613 4013 1674 4070 illas
1698 4016 1830 4087 occinere,

538 4104 566 4150 et
588 4095 702 4151 stultum
725 4103 752 4150 et
775 4104 876 4169 praeter
898 4104 1021 4169 pactum,
1056 4116 1111 4172 quo
1134 4116 1242 4171 semper
1264 4098 1333 4154 leona
1357 4106 1400 4154 sto
1424 4098 1487 4159 fide.
1521 4105 1608 4159 esset,
1643 4099 1707 4155 lmic
1735 4099 1824 4155 saltem

538 4180 598 4235 utili
621 4180 811 4241 admonitioni,
833 4182 905 4253 quod
927 4182 997 4236 (lesit
1019 4182 1089 4238 iuste
1113 4199 1225 4256 querar,
1247 4191 1345 4239 cetera
1364 4199 1414 4256 per
1435 4183 1620 4244 concordium,
1645 4183 1723 4239 irrita
1741 4184 1822 4239 ventis
1831 4195 1851 4235 11

539 4266 628 4320 omnia
650 4265 736 4319 trado.
778 4264 864 4320 Frons
887 4265 971 4321 libelli
996 4267 1076 4322 habet
1098 4284 1158 4323 esso
1181 4268 1312 4341 quosdam
1333 4266 1518 4338 evangelicos,
1550 4267 1596 4339 qui
1623 4267 1826 4339 ailgratulcutur

538 4350 677 4404 Erasmum
700 4349 764 4405 milri
789 4357 840 4405 tam
863 4349 940 4406 fredis
962 4351 1164 4407 conditionibus
1187 4350 1391 4407 reconciliatum
1413 4360 1464 4406 etc.
1499 4350 1548 4416 Qui
1571 4351 1626 4406 sint
1649 4350 1689 4405 illi
1712 4351 1832 4424 Evange·

539 4434 582 4490 liei
606 4436 714 4494 nescio,
745 4452 835 4490 rerum
858 4435 910 4490 hoc
932 4435 1040 4490 memini
1062 4436 1089 4492 iu
1112 4435 1183 4490 linuc
1204 4453 1289 4508 usquo
1309 4436 1380 4491 diem
1408 4434 1512 4491 nullum
1539 4435 1604 4490 mihi
1630 4435 1826 4507 adgratulatum

539 4519 658 4581 veniisse,
682 4519 791 4575 ductum
815 4519 841 4574 in
863 4519 1001 4592 triumpho
1024 4518 1176 4581 Eremmon
1200 4520 1284 4591 gavisi
1306 4529 1371 4575 sunt
1385 4518 1517 4593 plerique
1535 4519 1641 4575 candidi
1660 4520 1719 4581 viri,
1743 4535 1826 4593 neque

539 4603 612 4664 1111111,
638 4621 725 4676 neque
743 4604 853 4659 Erasmo
874 4603 942 4658 male
965 4604 1120 4676 cupientes,
1145 4604 1218 4676 quod
1246 4603 1377 4659 nubecula
1400 4603 1562 4664 simultatis,
1594 4621 1655 4676 qum
1682 4604 1754 4660 inter
1779 4614 1855 4659 nosti

539 4689 744 4749 intercesserat,
772 4705 820 4761 per
842 4688 954 4743 exiinios
978 4697 1005 4742 et
1027 4688 1146 4761 optimos
1170 4687 1242 4742 virus
1262 4688 1368 4743 sublate
1394 4696 1479 4743 esset:
1513 4705 1562 4743 nec
1590 4688 1666 4748 novi,
1697 4688 1744 4761 qui
1766 4689 1825 4747 sint,

540 4773 585 4844 qui
602 4772 720 4827 llntteno
736 4771 945 4845 applauserint.›
965 4761 1099 4832 Hutleno.
1119 4772 1182 4826 dnm
1198 4771 1312 4834 viveret,
1333 4789 1399 4827 usus
1419 4789 1479 4827 sum
1500 4772 1585 4828 amico
1609 4771 1644 4826 ob
1663 4772 1744 4828 dotes
1763 4788 1826 4844 quas

539 4854 655 4910 babebat
676 4856 758 4928 longe
780 4855 1017 4929 praeclarissimas:
1046 4856 1177 4928 flagrabat
1204 4858 1275 4911 enim
1298 4857 1379 4912 homo
1402 4855 1448 4911 ille
1469 4857 1566 4911 mirum
1593 4857 1620 4910 111
1643 4857 1752 4912 modum
1775 4863 1826 4910 tum

606 5019 629 5050 ³³
648 5021 763 5070 termino
781 5020 798 5067 i.
811 5036 833 5068 e.
847 5020 953 5069 Ernsmi
967 5022 1058 5086 sipitto.
