4367 6084
503 714 576 787 314
673 729 871 782 cccxxxln.
896 743 1016 783 suonam
1030 747 1134 783 snam
1147 747 1292 784 obtunsus
1306 748 1481 785 asistamus
1495 749 1629 785 nunnoni.

501 917 573 977 quos
590 909 664 961 celas
679 904 825 978 proxima
840 919 984 980 proceres
1005 905 1036 962 in
1061 906 1156 962 literis
1178 901 1303 964 babuit?
1330 903 1487 981 Rodolpbo
1505 906 1656 979 Aprr'cotce
1679 912 1708 964 et
1729 907 1807 964 Ate-

500 1006 623 1063 nandro
642 1005 748 1077 Hecto,
771 1006 876 1079 quibus
894 1023 949 1079 epo
971 1022 1045 1065 sane
1064 1007 1216 1064 minimum
1239 1007 1393 1078 debebam,
1422 1022 1519 1065 noane
1535 1009 1659 1082 plenam
1678 1008 1805 1066 taudem

501 1107 596 1165 tribuo
610 1108 642 1166 in
663 1122 765 1181 opere,
788 1109 868 1182 quod
888 1124 986 1167 omnes
1007 1110 1179 1168 existimant
1199 1104 1367 1167 aicmrum?
1386 1108 1556 1167 Beucblino·
1568 1116 1711 1182 quantum
1731 1110 1804 1167 ubi-

502 1225 559 1282 que
580 1195 673 1267 detuli
678 1204 690 1267 l
717 1208 838 1267 Zasium
865 1225 962 1269 nonne
988 1225 1104 1285 semper
1131 1216 1288 1269 treneratus
1315 1226 1393 1282 sum,
1422 1218 1455 1268 ut
1473 1211 1511 1269 de
1537 1209 1648 1270 Tboma
1665 1211 1803 1270 Linacro

432 1312 626 1369 §statueram
652 1316 681 1368 et
703 1308 847 1370 Gracina?
882 1312 972 1381 (luem
994 1317 1092 1371 autem
1111 1313 1272 1385 equalium
1300 1328 1358 1369 non
1386 1313 1510 1372 libenter
1531 1316 1690 1388 amplexus
1709 1309 1823 1372 sumis

501 1429 542 1470 aa
563 1413 693 1486 matipne
708 1413 846 1487 preedieo
864 1412 976 1472 Budaei
989 1410 1131 1472 uirtutes?
1148 1413 1290 1473 Iacobum
1304 1414 1451 1486 Fabaria,
1475 1421 1622 1488 utcunque
1637 1415 1747 1473 incidit
1763 1432 1801 1473 ea

495 1516 647 1589 procella,
669 1516 735 1588 auis
754 1501 914 1573 candidius
935 1516 1072 1574 laudauit
1087 1530 1178 1590 quam
1199 1511 1276 1589 epo?
1297 1515 1363 1574 Iam
1385 1527 1498 1591 quanta
1518 1518 1682 1575 amicorum
1703 1517 1735 1574 in
1757 1518 1800 1574 li-

342 1659 349 1671 .
432 1624 498 1673 §.sta
511 1617 572 1675 bris
595 1618 666 1675 meis
694 1612 939 1675 nomenclatura?
973 1618 1019 1674 An
1047 1617 1176 1676 Hidteno
1203 1620 1402 1677 succrescenti
1428 1614 1543 1678 invidi?
1570 1620 1739 1677 reclamant
1760 1624 1801 1676 tot

501 1721 561 1777 itta
582 1734 655 1777 mea
676 1718 880 1790 laudationes,
909 1734 1036 1792 quarum
1065 1720 1128 1793 ipse
1148 1720 1234 1778 nobis
1258 1720 1314 1778 boe
1339 1720 1436 1780 libello
1454 1720 1643 1796 palinodiam
1664 1721 1796 1793 iapessit.

500 1823 565 1893 quis
586 1822 669 1879 iilum
687 1820 868 1894 proedicaiit
888 1828 941 1879 aut
956 1821 1090 1879 crebritas
1104 1828 1157 1880 aut
1176 1821 1336 1879 candidius
1362 1828 1415 1880 aut
1441 1817 1611 1881 amantius?
1638 1823 1713 1896 quid
1734 1839 1792 1880 au-
1808 1835 1832 1875 m

430 1928 567 1986 mntem
591 1921 629 1979 ab
650 1922 701 1979 iilo
721 1921 880 1995 sperabam
897 1918 1042 1996 mantii?
1067 1923 1207 1981 nimirum
1227 1923 1283 1982 boc
1302 1926 1395 1981 solent
1412 1922 1521 1995 facem
1540 1924 1643 1982 invidi.
1687 1923 1798 1983 Multos

497 2025 590 2083 lacida
609 2025 639 2081 in
658 2039 739 2097 spem
756 2024 876 2095 indolis,
896 2027 1001 2083 multos
1022 2026 1222 2083 extimulandi
1239 2040 1343 2084 causa.
1389 2023 1445 2082 Cui
1461 2030 1567 2083 namet
1583 2040 1716 2098 unquam
1735 2043 1796 2083 an-

498 2121 632 2200 teposui?
658 2126 776 2198 quicum
803 2141 934 2199 unquam
963 2126 1056 2185 tribus
1084 2126 1180 2185 uerbis
1207 2127 1244 2185 de
1266 2127 1444 2202 principatu
1466 2126 1611 2185 doctrina
1632 2123 1796 2186 contendi?

497 2230 548 2288 cui
573 2244 632 2288 non
655 2227 781 2287 libenter
808 2230 884 2287 cessi
909 2228 1029 2286 lotidem
1048 2243 1137 2300 onam
1156 2227 1230 2285 mibi
1249 2227 1396 2286 Huttenus
1411 2235 1528 2302 prater
1549 2243 1650 2286 omncs
1672 2224 1795 2286 tribuit?

501 2332 590 2401 (litem
612 2346 742 2405 unquam
760 2331 847 2402 attipi
865 2331 924 2388 nisi
944 2330 1084 2388 atrociter
1097 2325 1267 2404 impetibus?
1300 2329 1338 2386 Et
1359 2328 1411 2386 bos
1427 2329 1569 2387 bactenus
1588 2330 1633 2387 sic
1654 2333 1792 2402 tractavi,
1806 2345 1827 2384 n,

431 2439 498 2488 §.uu
510 2440 541 2491 ut
551 2450 612 2507 per
630 2449 676 2491 me
688 2431 768 2504 sacti
785 2434 844 2490 sint
864 2432 1048 2491 illustriores,
1094 2431 1157 2490 Mei
1175 2431 1292 2490 labores
1308 2429 1443 2488 nonnibit
1461 2433 1587 2489 abidae
1600 2434 1740 2490 mortumi
1753 2432 1796 2490 ad

493 2535 717 2610 prooebendum
731 2533 815 2608 apud
826 2540 970 2591 nostrates
987 2533 1109 2591 Gracas
1123 2534 1240 2591 literas:
1261 2547 1358 2590 nonae
1376 2533 1482 2606 palam
1503 2537 1532 2590 et
1545 2531 1649 2603 fateor
1668 2514 1700 2591 et
1710 2549 1793 2606 pau-

499 2638 554 2696 deo
580 2642 734 2695 sexcentos
753 2640 874 2693 exortos
892 2650 955 2692 esse
975 2635 1028 2706 qui
1047 2649 1093 2717 me
1111 2636 1198 2707 tonpe
1218 2628 1381 2708 superent?
1410 2633 1433 2692 0
1455 2649 1560 2692 rtoaam
1578 2631 1787 2692 invidentiam!

429 2748 496 2797 §.mn
511 2737 622 2807 Quodsi
637 2739 702 2810 quis
719 2737 798 2795 atius
818 2735 891 2793 mibi
907 2736 1042 2794 uoluisset
1063 2736 1186 2794 inuidia
1205 2737 1318 2794 crimen
1341 2737 1519 2808 inpiaque,
1540 2741 1620 2795 certe
1637 2752 1698 2794 non
1718 2751 1790 2794 con-

497 2839 630 2898 veniebat
655 2839 689 2895 id
714 2837 752 2897 ab
772 2835 900 2895 Hutteao
917 2838 988 2908 fieri
1005 2823 1112 2906 οὕτως
1133 2821 1296 2914 ἀφθόνως
1317 2854 1337 2895 a
1358 2853 1404 2895 me
1426 2853 1506 2912 pene
1526 2839 1586 2896 solo
1603 2839 1823 2912 pradicatot‘n

496 2944 575 2999 sotus
596 2941 674 2998 enim
690 2942 763 3015 ptus
783 2938 907 2998 laudum
929 2941 1040 2999 contuli
1059 2941 1089 2997 in
1109 2939 1271 2998 Huttenum
1295 2956 1384 3013 quam
1410 2955 1510 2999 omnes
1532 2940 1612 2997 iliius
1632 2941 1738 3012 amici,
1764 2947 1793 2998 et

497 3045 547 3102 itte
569 3044 684 3101 amicus
706 3043 736 3100 in
759 3042 886 3099 amicum
906 3043 976 3115 plus
996 3042 1153 3099 eriminum
1175 3043 1321 3113 conpassit
1340 3057 1430 3115 quam
1453 3042 1597 3101 hactenus
1614 3056 1716 3100 omnes
1735 3045 1793 3100 mei

495 3147 609 3204 inimici
626 3151 680 3203 aut
698 3159 788 3217 quam
804 3144 853 3202 ille
874 3159 1005 3217 unquam
1028 3145 1059 3201 in
1083 3157 1251 3216 quenquam
1273 3142 1382 3201 bostem
1405 3160 1508 3212 suum,·
1529 3148 1678 3202 ettamen
1699 3148 1731 3204 in
1749 3147 1817 3224 ak,

496 3250 567 3306 teris
585 3247 629 3305 ad
648 3263 694 3304 me
714 3248 775 3304 suis
798 3245 1029 3320 appellatione
1050 3245 1314 3319 espostutalionem
1330 3260 1390 3318 pro
1411 3246 1459 3303 rei
1486 3245 1641 3303 atrocitate
1668 3247 1790 3304 mitissi-

427 3355 494 3404 §.sta
507 3364 595 3407 mam.
639 3347 793 3407 Hominem
817 3339 956 3406 suavem!
983 3348 1034 3406 cui
1063 3361 1123 3404 non
1143 3348 1273 3420 porrexi
1298 3336 1418 3405 manum
1443 3347 1566 3405 enitendi
1590 3347 1635 3404 ad
1657 3349 1821 3421 atiquamn

493 3453 645 3525 eprepiam
661 3444 804 3508 laudem?
831 3463 888 3522 quo
908 3450 1006 3506 minus
1026 3450 1131 3506 msdms
1147 3448 1287 3520 iuverim,
1313 3447 1442 3519 sortuaa
1460 3445 1523 3518 suit
1543 3450 1573 3506 in
1595 3450 1702 3524 culpa,
1731 3464 1789 3507 nou

494 3555 619 3612 animus.
651 3557 731 3611 certe
748 3566 936 3625 auoscimque
949 3548 1112 3620 laudando,
1128 3550 1361 3609 commendando
1376 3549 1569 3608 absimilibus
1585 3549 1696 3621 officiis
1708 3566 1788 3624 pro-

495 3655 600 3713 oebere
612 3656 711 3728 ponti,
729 3654 875 3728 prouexi-
889 3651 957 3724 saui
978 3652 1127 3709 nonnuilis
1142 3651 1216 3708 mibi
1232 3650 1426 3724 iniquioribus
1446 3656 1560 3708 tannem
1577 3651 1614 3709 ob
1633 3651 1690 3709 boc
1711 3653 1790 3724 quod

425 3763 493 3813 §.un
505 3755 610 3814 studiis
624 3755 807 3829 prodessent.
850 3753 909 3812 Hie
922 3756 950 3811 si
959 3750 1120 3827 proferam
1139 3753 1277 3828 epistolas
1293 3767 1395 3810 eorum
1410 3754 1463 3825 qui
1474 3752 1547 3810 mibi
1560 3768 1619 3826 pro
1632 3768 1698 3811 meo
1710 3769 1785 3812 can-

495 3859 568 3916 dore
587 3859 705 3929 aralius
726 3863 833 3929 apunt,
855 3856 1001 3914 Hutteaus
1020 3848 1163 3913 clamaba
1182 3869 1228 3912 me
1247 3855 1415 3911 mortalium
1435 3855 1563 3912 omnium
1586 3855 1819 3912 vanissimumn

495 3973 596 4017 aerum
617 3958 664 4016 itii
682 3956 887 4015 reclamabunt
903 3957 1062 4015 Huttenum
1082 3957 1330 4014 calumniatorum
1344 3958 1472 4013 omnium
1494 3955 1785 4029 impudentissimum.

425 4065 493 4115 §.aba
507 4059 600 4129 ilicum
624 4073 743 4131 aperem
764 4060 794 4117 in
814 4056 996 4129 Brabantia,
1019 4073 1060 4115 en
1081 4072 1147 4115 mea
1169 4059 1309 4115 tenuitate
1326 4058 1397 4130 ptus
1418 4058 1544 4129 turpitus
1564 4073 1630 4116 sum
1651 4058 1788 4116 studiosis

492 4177 551 4219 uno
572 4176 652 4218 anno
673 4176 760 4234 quarn
779 4159 900 4233 quidam
922 4161 1023 4232 quise
1043 4160 1169 4232 iactant,
1196 4160 1319 4234 capiunt
1336 4174 1376 4216 en
1392 4159 1476 4230 apris
1492 4160 1649 4232 paternis:
1675 4160 1720 4217 sic
1737 4160 1786 4217 in-

492 4263 575 4322 video
593 4262 769 4321 minoribus:
791 4262 934 4320 neminem
949 4261 1060 4335 prada,
1088 4277 1142 4318 nec
1159 4260 1309 4334 exprobro
1327 4252 1466 4332 cuiquam
1487 4258 1649 4331 officiatum
1672 4276 1787 4327 meum,-

493 4365 595 4424 aideor
608 4366 685 4425 enim
699 4364 773 4422 mibi
792 4364 963 4435 beneficium
979 4362 1080 4420 dando
1102 4363 1265 4436 accepisse,
1287 4363 1315 4418 si
1334 4360 1425 4433 dipno
1443 4360 1529 4429 dedi,·
1550 4361 1604 4419 sed
1624 4362 1684 4434 ipsi
1699 4367 1815 4421 tedes³⁵

424 4474 490 4524 issa
502 4474 590 4527 erum
611 4483 700 4541 quam
716 4466 782 4525 blec
797 4465 985 4538 impudenter
999 4453 1177 4521 obiiciantur
1190 4461 1228 4519 ab
1242 4461 1382 4520 Hutteno.
1428 4459 1535 4519 ‘Nemo'
1559 4463 1655 4535 inquit
1675 4468 1715 4521 ‘se
1736 4463 1788 4521 tibi

493 4571 713 4642 ‘ineloquentia
734 4563 907 4641 comparat.
953 4563 1018 4636 Epo
1040 4578 1108 4621 aero
1123 4565 1288 4637 lepidssima
1307 4560 1409 4634 seram
1426 4565 1532 4634 animo,
1553 4565 1581 4621 si
1595 4565 1641 4622 ael
1654 4566 1788 4623 sexcenti

560 4802 568 4835 ¹
592 4801 730 4868 Agricolae
756 4805 784 4850 et
805 4789 910 4865 Hegio,
935 4798 1153 4864 praeceptoribus
1176 4798 1231 4846 tuis
1255 4797 1396 4846 minimum
1414 4792 1556 4847 debebas?
1625 4796 1784 4848 ³Reuchli-

491 4904 554 4938 num
573 4886 722 4936 liventibus
741 4884 828 4934 oculis
848 4884 964 4933 intubus
983 4898 1021 4932 es.
1086 4882 1173 4931 ὓΙειο.
1192 4879 1288 4946 Faba]
1308 4881 1510 4948 Stapulensem.
1575 4878 1597 4914 ²⁰
1615 4869 1676 4931 οὔτ.
1696 4871 1783 4947 arpi]

491 4973 532 5020 itu
545 4972 605 5019 sine
620 4969 732 5020 invidia.
785 4965 805 4999 ²¹
826 4964 909 5031 solus]
928 4982 978 5017 sua
992 4967 1064 5015 iusto
1077 4967 1182 5016 maiora
1195 4965 1334 5016 aestimare
1346 4966 1426 5017 solet.
1478 4964 1501 4998 ³⁸
1519 4982 1549 5016 se
1562 4964 1680 5031 iactant]
1699 4968 1785 5028 Quasi

490 5054 631 5124 Huttenus
649 5051 763 5102 divitias
781 5065 846 5101 suas
864 5051 1004 5102 sudibusve
1024 5051 1160 5100 iactasset
1178 5065 1314 5114 umquam.
1366 5049 1389 5082 ³⁶
1407 5047 1474 5115 inq.]
1493 5051 1607 5116 Expost.
1620 5051 1644 5111 ξ.
1658 5049 1700 5100 95.
