4367 6084
515 739 715 790 cccxxxln.
735 726 1129 816 m=osomsnssu1aovensvs
1142 751 1317 786 noenuomm
1331 751 1464 787 nvrrsm.
1566 720 1639 792 317

340 912 448 969 tionem
472 911 582 970 labent
606 915 738 972 latrones
765 927 802 970 ac
823 917 959 985 pyratae:
985 908 1135 969 lluttenus
1157 908 1292 981 opnoscit
1310 908 1470 965 amicitiam
1487 909 1639 981 eximium,

339 1015 478 1084 opnoscit
498 1015 628 1086 insipnia
649 1015 756 1072 merila
777 1015 808 1071 in
832 1012 1063 1085 rempublicam
1081 1017 1170 1082 atque
1190 1010 1336 1073 etiamin
1360 1010 1455 1081 ipsum
1481 1009 1640 1081 quaedam,-

341 1123 371 1173 et
398 1124 497 1173 tamen
525 1117 610 1175 nulla
638 1117 792 1174 lacessitus
820 1115 946 1183 iniuria,
969 1114 1126 1189 perruptis
1152 1110 1284 1169 omnibus
1309 1112 1479 1181 oratiarum
1506 1112 1638 1184 uinculis,

342 1217 457 1274 iuvenis
476 1232 591 1288 senem,
614 1222 654 1275 tot
673 1217 827 1286 conviciis,
850 1215 998 1285 miricis,
1017 1215 1182 1285 totiurpiis
1203 1214 1349 1286 conspuit,
1369 1210 1503 1285 colaphis
1524 1219 1554 1270 et
1567 1215 1639 1271 afa-

321 1331 333 1369 o
339 1319 389 1390 pis
408 1318 513 1389 caedit,
535 1317 690 1376 contundit
710 1333 755 1389 as,
777 1322 932 1389 raptatae
952 1323 1064 1385 uersett,
1078 1314 1209 1388 perinde
1230 1314 1318 1385 quasi
1330 1314 1512 1386 mancipium
1532 1314 1570 1372 tle
1586 1317 1637 1373 la-

338 1418 412 1492 pide
433 1425 565 1492 emptum
586 1425 707 1489 tractet,
730 1432 788 1476 non
810 1416 979 1475 Erasmum.
1022 1424 1051 1475 et
1070 1416 1128 1474 sibi
1140 1414 1309 1489 persuadet
1328 1415 1457 1487 aliquem
1475 1413 1546 1485 sore
1568 1422 1627 1473 lam
1640 1424 1707 1473 §.no

342 1520 501 1578 immunem
520 1535 558 1578 ac
573 1513 676 1591 serum
697 1523 727 1578 in
748 1526 805 1579 toto
826 1518 911 1589 orire,
931 1517 1095 1590 ubieunque
1112 1517 1197 1575 sedes
1214 1526 1257 1575 est
1272 1516 1436 1587 lominum,
1459 1517 1511 1588 qui
1525 1522 1638 1575 tantam

343 1623 555 1680 immanitatem
577 1636 635 1680 non
654 1628 831 1687 execretur,·
861 1624 891 1676 et
915 1619 968 1677 lios
993 1621 1100 1704 opinor
1121 1619 1273 1676 existimat
1295 1633 1358 1675 esse
1376 1632 1471 1676 mores
1489 1618 1638 1678 Lacedee-

343 1722 507 1780 maniacum
529 1738 568 1781 ac
588 1721 834 1792 Massiliensium,
860 1736 933 1811 quos
955 1720 994 1778 ab
1015 1720 1144 1778 Hutteno
1170 1718 1268 1777 discat
1291 1720 1425 1778 iuuentus
1448 1719 1634 1780 Germanica.

310 1839 334 1878 ιο
347 1821 408 1895 Epo
426 1829 486 1881 tum
501 1825 546 1883 sic
561 1838 645 1881 eram
659 1822 786 1895 affectus
799 1825 830 1881 in
848 1806 1021 1893 millenum,
1045 1826 1077 1879 ut
1092 1821 1167 1879 milri
1174 1820 1405 1894 persuaderem,
1426 1821 1519 1892 siquis
1532 1838 1627 1880 enor-
1639 1830 1707 1880 §.ton

343 1929 390 1981 tus
406 1922 515 1995 suisset
535 1926 759 1998 quiimpeieret
780 1924 954 1994 Erasmum,
984 1924 1067 1981 illum
1094 1938 1147 1980 suo
1173 1937 1298 1996 corpore
1316 1922 1409 1993 siquis
1430 1924 1508 1980 alins
1530 1923 1639 1998 depui-

342 2040 446 2083 surum
472 2026 633 2091 iniuriam,·
660 2026 776 2084 interim
801 2027 895 2084 amice
924 2024 961 2083 de
988 2027 1037 2082 illo
1066 2039 1133 2082 cum
1161 2025 1265 2082 enticis
1282 2023 1438 2095 loquebar,
1466 2022 1638 2095 deserebam

342 2125 490 2197 officium,
513 2126 706 2201 deplorabam
725 2125 881 2198 fortunam
896 2127 1070 2197 adversam,
1090 2126 1232 2184 sollicitus
1246 2126 1336 2182 etiam
1358 2130 1391 2181 ut
1409 2126 1455 2217 illi
1474 2142 1522 2182 res
1542 2135 1639 2183 essent

343 2233 413 2285 tuloe
434 2230 465 2285 in
483 2237 644 2301 posterum.
689 2238 777 2301 atque
798 2228 847 2286 leia
871 2228 1064 2285 numanitatis
1084 2228 1205 2284 antistes
1226 2228 1304 2283 uelut
1321 2242 1361 2283 eae
1379 2226 1495 2284 insidiis
1516 2228 1571 2284 loli
1585 2228 1706 2290 li-§.ms

315 2329 419 2388 noello
442 2329 581 2387 adoritur
601 2311 743 2400 amicum,
773 2343 858 2401 auem
884 2328 1001 2403 semper
1022 2329 1256 2387 reuerentissime
1276 2329 1380 2398 coluit,
1406 2329 1492 2386 euius
1512 2331 1640 2387 caniciei

344 2428 467 2501 deferre
489 2429 603 2501 debuit,
624 2432 709 2489 cuins
728 2432 759 2487 in
779 2429 901 2503 publico
923 2429 1024 2487 studia
1046 2436 1134 2502 alque
1154 2430 1244 2486 etiam
1265 2430 1296 2486 in
1316 2445 1348 2487 se
1368 2431 1476 2487 merita
1495 2432 1635 2502 opnoscit.

344 2530 463 2588 Indicit
481 2530 587 2590 bellum
606 2530 853 2602 Romanensilrus,
876 2513 930 2589 sed
950 2547 1059 2597 revera¹
1077 2530 1184 2589 bellum
1203 2532 1283 2602 perit
1303 2546 1370 2589 cum
1384 2530 1480 2589 Musis
1501 2537 1530 2588 et
1546 2531 1624 2589 Gru·
1637 2543 1707 2592 §.sm

343 2635 400 2689 tiis.
446 2635 476 2690 in
496 2632 592 2691 liastes
610 2632 747 2704 cladium
769 2631 856 2691 habet
875 2622 1076 2704 incruentum,
1106 2633 1136 2690 iu
1161 2633 1271 2690 amicos
1297 2633 1394 2690 stilum
1418 2632 1506 2690 labet
1526 2649 1638 2691 cruen-

343 2740 413 2791 tum.
457 2734 516 2790 ium
537 2736 635 2792 nescio
656 2750 712 2805 qno
732 2734 849 2794 nomine
870 2734 981 2793 donari
1003 2733 1109 2793 debeat
1128 2732 1209 2806 qnod
1232 2735 1412 2792 criminatur
1437 2749 1483 2792 me
1509 2736 1639 2807 instipa-

306 2843 435 2893 mtorem
454 2835 582 2893 omnium
602 2837 791 2906 tumultuum,
820 2850 890 2893 mox
912 2836 1127 2894 exardescente
1148 2835 1285 2894 incendio
1311 2835 1500 2893 dissimulare
1521 2833 1656 2908 sactum

343 2943 371 2994 et
390 2936 528 2995 (aduersae
546 2939 635 3011 parti
660 2936 809 3004 blandiri:
831 2939 938 3011 opinor
959 2935 1115 3008 futurum,
1145 2942 1178 2993 ut
1196 2935 1341 2995 Huttenus
1368 2939 1496 2995 omnium
1517 2953 1637 3015 suorum

340 3037 530 3110 facinorum,
560 3054 628 3110 quoe
649 3037 805 3096 Mauortiis
826 3040 963 3112 auspitiis
981 3045 1065 3096 terra
1087 3038 1224 3109 morique
1242 3039 1337 3110 perit,
1364 3054 1410 3095 me
1428 3037 1529 3108 saciat
1550 3041 1638 3096 insli-

340 3145 484 3213 potorem.
525 3140 615 3212 Atqui
629 3140 660 3197 in
676 3140 800 3215 epistola
815 3155 1014 3212 quamproper
1031 3138 1075 3196 ad
1086 3154 1133 3197 me
1144 3140 1276 3212 scripsit,
1295 3140 1339 3196 sic
1353 3141 1498 3211 loquitur:
1516 3139 1627 3211 „Nemo
1639 3156 1705 3206 emo.

344 3243 487 3317 „iustipat
499 3239 677 3311 Huttenum,
698 3256 753 3299 uec
772 3242 821 3298 ille
841 3242 965 3299 sustinet
984 3256 1003 3298 a
1026 3255 1172 3312 quoquam
1187 3237 1355 3312 instipari'.
1400 3238 1462 3308 Quo
1482 3242 1574 3312 ipilur
1588 3257 1639 3299 ore

311 3358 425 3400 osreunc
445 3358 491 3399 me
509 3340 590 3413 facit
607 3343 736 3400 amnium
758 3343 976 3414 instinctorem,
1005 3341 1150 3399 liominem
1172 3342 1283 3399 nullius
1304 3340 1388 3415 opud
1407 3342 1502 3412 ipsum
1519 3343 1640 3414 ponde-

343 3446 402 3513 ris,
424 3459 513 3515 quum
531 3442 654 3501 Hutteni
673 3429 785 3520 θυμὸς
807 3430 943 3519 ἀγήνωρ
965 3458 984 3499 a
1003 3443 1119 3501 nemine
1137 3444 1305 3500 mortalium
1323 3443 1466 3500 sustineat
1480 3438 1640 3514 instiaari?

344 3545 455 3604 Missas
472 3543 625 3616 faciamus
646 3546 843 3604 conuiuiorum
863 3543 988 3616 subulas
1010 3545 1076 3602 vino
1098 3545 1272 3617 inscriptus,
1301 3544 1468 3601 omittamus
1486 3540 1628 3612 familia·
1640 3560 1707 3610 usn.

343 3648 392 3704 ria
413 3648 560 3718 colloquia
582 3646 687 3720 auibus
708 3648 786 3705 inter
802 3663 833 3706 se
848 3646 993 3720 parriunl
1013 3647 1116 3716 amici,
1144 3660 1212 3717 epo,
1236 3652 1269 3702 ul
1289 3645 1367 3717 dini,
1390 3645 1501 3717 quoties
1520 3659 1569 3702 res
1589 3660 1640 3702 se-

343 3750 421 3805 rium
440 3749 593 3806 consilinm
611 3748 797 3822 postulabat,
819 3764 936 3822 semper
957 3748 999 3805 ad
1011 3743 1213 3806 moderatiora
1229 3748 1345 3806 vacavi:
1367 3744 1562 3805 Reuclslinum
1578 3747 1638 3804 ad-

312 3851 460 3919 mmonui,
482 3865 520 3906 ne
539 3849 666 3909 laederet
684 3849 823 3921 ordines,
844 3860 873 3908 et
894 3850 1051 3923 deploravi
1071 3850 1152 3922 quod
1172 3850 1203 3907 in
1221 3850 1358 3924 apolopia
1378 3849 1421 3906 sic
1440 3846 1639 3919 efferbuisset:

343 3953 450 4024 opinor
470 3956 577 4008 entare
595 3953 734 4024 epistolas
755 3953 786 4010 in
809 3953 889 4011 illius
908 3951 1041 4024 scliedis,
1070 3969 1139 4024 quie
1169 3957 1253 4009 testes
1275 3956 1363 4009 erunt
1387 3966 1434 4007 me
1455 3965 1525 4008 nero
1547 3952 1637 4023 loqui.

343 4069 397 4110 nec
417 4052 505 4111 aliud
524 4054 605 4110 sensi
624 4053 661 4111 de
681 4052 828 4121 Lulltero,·
851 4052 888 4111 de
910 4054 1014 4112 comite
1035 4069 1055 4110 u
1074 4052 1158 4111 Nouo
1180 4054 1283 4125 aquila
1305 4052 1365 4110 iam
1385 4058 1455 4111 ante
1476 4055 1627 4118 recensui·
1640 4071 1705 4120 §.om

343 4153 380 4212 de
398 4153 527 4212 Hutteno
548 4153 623 4212 nihil
641 4152 778 4225 effutiam
799 4171 839 4212 ee·
861 4157 983 4213 areanis
1005 4149 1161 4214 amicitiae:
1191 4160 1303 4214 tantum
1330 4155 1386 4213 lroc
1405 4153 1538 4226 reseram
1560 4154 1640 4226 qnod

342 4257 392 4313 ille
409 4254 495 4313 libris
513 4255 610 4314 ceditis
625 4257 716 4314 noluit
731 4256 864 4314 omnibus
877 4272 940 4313 esse
954 4259 1186 4315 testatissimum:
1209 4271 1298 4330 quum
1314 4261 1389 4314 esset
1407 4255 1492 4330 apud
1505 4272 1551 4313 me
1565 4255 1626 4313 La·
1640 4272 1706 4321 uon.

310 4358 438 4427 osonnii,
461 4358 586 4429 expetiit
604 4361 757 4435 secretum·
770 4358 960 4430 colloquium,
982 4373 1037 4416 nec
1059 4373 1191 4429 unquam
1213 4357 1287 4415 milii
1307 4371 1374 4415 eum
1396 4358 1446 4414 illo
1462 4355 1527 4426 suit
1545 4359 1636 4414 ullum

338 4463 453 4531 praeter
474 4457 530 4516 lroc
548 4475 649 4517 unum.
693 4461 781 4533 carpit
801 4473 1031 4517 commemorare
1058 4458 1096 4514 de
1121 4457 1195 4516 hello
1217 4456 1375 4515 indicendo
1396 4455 1638 4528 Romanensilus,

340 4626 435 4673 senior
459 4623 586 4672 nonfuit
605 4640 685 4689 quam
709 4627 754 4689 qui
777 4625 827 4674 hos
851 4623 960 4672 notulas
984 4622 1092 4680 scribo,
1119 4637 1207 4686 neque
1230 4637 1296 4671 vero
1316 4622 1343 4670 in
1363 4638 1395 4670 eo
1415 4622 1558 4671 consentio
1578 4635 1639 4670 cum

339 4710 469 4764 Erasmo,
489 4713 546 4757 tam
565 4710 734 4758 commodam
752 4725 809 4758 rem
828 4713 1000 4757 senectutem
1020 4721 1094 4766 osse,
1115 4711 1145 4754 ut
1163 4708 1225 4770 ipsa
1242 4705 1302 4754 sola
1320 4705 1364 4753 vel
1384 4705 1511 4769 querulos
1530 4705 1638 4754 vetulos

339 4808 444 4843 anusve
464 4793 640 4843 venerabiles
659 4793 765 4842 reddat.
820 4791 827 4824 ¹
848 4808 905 4857 pyr.
925 4808 1018 4841 ornnes.
1065 4786 1217 4854 ³nullo]i'
1253 4788 1348 4852 ‘alim
1369 4786 1440 4851 iore]
1461 4789 1529 4837 Tam
1544 4790 1635 4837 consei-

339 4877 460 4929 tatmoui
478 4877 570 4927 studio
589 4878 689 4942 flagrat
712 4878 856 4937 Erasmus,
882 4881 912 4925 ut
932 4877 960 4925 in
978 4876 1097 4924 lectores
1121 4874 1220 4938 quibus
1239 4858 1378 4922 mutianus
1401 4872 1539 4936 placeret,
1565 4876 1637 4922 atro-

338 4964 416 5011 ciora
440 4975 521 5025 quam
546 4962 575 5010 in
594 4962 682 5026 ipsum
701 4960 840 5010 Huttenus
864 4957 993 5011 c‘onvicia
1017 4963 1135 5008 evomat.
1217 4957 1239 4989 ²⁶
1264 4958 1334 5022 θυμ.
1354 4947 1411 5022 cip]
1431 4962 1558 5005 strenuus
1577 4958 1636 5006 ani-

339 5062 407 5097 mus.
429 5046 599 5108 lllomeriee.)
