4367 6084
518 712 591 783 338
627 727 842 778 cccxxxmr.
862 744 1051 779 nnvnnrnnsn
1066 746 1119 780 rno
1132 745 1262 781 nvrrrno
1275 747 1312 781 an
1325 746 1428 782 enesim
1443 745 1585 781 eronorair
1598 745 1768 780 nesrossro.

517 922 563 967 se;
587 921 648 959 uam
670 904 703 959 de
725 903 814 976 eapite
837 921 887 958 suo
910 920 982 959 nunc
1004 904 1062 976 agi,
1085 913 1114 960 et
1135 914 1244 978 paratas
1266 922 1327 960 esse
1350 905 1470 960 insidias.
1516 903 1562 959 ille
1585 922 1690 960 morem
1713 921 1819 976 gerens

519 989 612 1046 :troicis
635 988 738 1061 recepit
761 1005 870 1042 rursum
892 1007 921 1043 se
945 989 971 1042 in
995 987 1164 1045 Germaniam
1187 990 1371 1062 superiorem,
1400 989 1446 1044 nbi
1470 989 1497 1043 in
1521 989 1619 1044 itinere
1638 1006 1701 1045 cum
1723 989 1820 1062 llogo·

518 1083 605 1130 struto
629 1073 667 1127 sic
691 1090 734 1128 nes
757 1081 798 1127 est
821 1081 893 1134 ricta,
917 1091 997 1146 quana
1020 1073 1157 1130 referente
1179 1092 1212 1130 eo
1235 1074 1364 1147 cognovi:
1390 1075 1507 1147 stipatus
1528 1083 1587 1129 erat
1602 1073 1709 1147 aliquot
1725 1074 1818 1146 equis,

517 1160 590 1214 venit
613 1159 718 1213 oliriani
741 1156 923 1229 llogostratus
946 1158 1083 1232 sopliista,
1107 1161 1217 1232 agnitus
1239 1168 1267 1214 et
1289 1158 1502 1232 comprehensus
1517 1162 1580 1221 'est;
1604 1168 1661 1214 tum
1686 1157 1750 1214 ilico
1777 1158 1818 1212 in·

515 1244 634 1299 candens
663 1244 689 1297 in
718 1242 831 1297 bestiam
855 1241 989 1298 lluttenus
1017 1242 1098 1298 ‘llens
1127 1254 1153 1298 te
1175 1245 1254 1299 ninic'
1283 1244 1371 1316 inquit
1399 1243 1646 1299 ‘sceleratissimum
1670 1253 1699 1298 et
1722 1243 1837 1316 penali-³

481 1352 488 1364 ·
517 1329 651 1384 tissimum
675 1326 842 1387 niortalinm,
872 1327 990 1382 incidisti
1014 1328 1121 1383 tandem
1144 1329 1171 1383 in
1195 1337 1301 1401 optatas
1324 1330 1433 1384 ananus!
1464 1345 1516 1402 qna
1546 1345 1617 1383 nnnc
1639 1344 1707 1383 nece
1729 1327 1816 1384 conli-

516 1414 584 1469 ciam
607 1421 647 1472 te,
677 1411 863 1467 crudelissime
885 1410 1020 1468 ncliulo‘t'
1042 1420 1069 1467 et
1091 1430 1156 1468 ense
1179 1414 1290 1469 exitium
1313 1413 1441 1468 minitans
1464 1413 1528 1468 ‘Sta'
1550 1412 1639 1486 inquit
1661 1412 1815 1467 ‘hominnm

516 1496 753 1572 pestilentissime,
777 1495 884 1551 inimice
907 1496 1058 1557 bonorum,
1087 1497 1176 1554 bostis
1198 1498 1336 1558 veritatis,
1365 1515 1419 1553 non
1442 1496 1561 1571 polluam
1584 1514 1673 1552 meum
1705 1514 1816 1553 mucro·

517 1600 579 1637 nem
602 1589 649 1636 tuo
672 1581 841 1653 nequissimo
864 1581 1025 1652 sangninel’
1049 1583 1115 1637 Tnm
1132 1583 1214 1638 miser
1228 1583 1390 1656 desperatus
1412 1590 1440 1637 et
1463 1582 1592 1636 exanimis
1613 1581 1734 1636 cucullio
1749 1599 1815 1655 pro·

516 1668 608 1722 cidens
631 1666 663 1721 ad
686 1682 774 1738 genua
798 1664 926 1737 ‘lgnosce'
950 1666 1038 1738 iuquit
1062 1667 1197 1738 ignosce,
1221 1668 1323 1740 optime
1345 1676 1373 1722 et
1388 1659 1596 1722 strennuissime
1611 1666 1652 1720 vir
1667 1666 1845 1722 lluttenel'io

517 1751 579 1806 llaec
602 1750 725 1806 historiar
747 1767 851 1805 summa
873 1758 916 1805 est
938 1760 965 1805 ct
987 1760 1082 1824 caput;
1105 1751 1178 1807 alind
1200 1770 1261 1808 enm
1284 1752 1450 1823 llogostrato
1473 1760 1562 1806 aetum
1584 1750 1652 1805 nihil
1674 1759 1727 1806 est.

583 1831 682 1911 [soon]
728 1851 777 1890 nn.
803 1834 948 1889 Hutteuus
969 1837 1022 1890 sibi
1040 1835 1129 1905 sortis
1151 1838 1276 1902 uidetur,
1306 1839 1333 1891 si
1353 1853 1392 1891 ca
1414 1837 1519 1907 aupulo
1543 1838 1676 1907 quopiam
1705 1837 1812 1890 dictum

518 1922 635 1992 aliquod
662 1921 749 1974 iaciat
776 1921 806 1973 in
836 1920 913 1974 bunc
941 1926 991 1974 siut
1023 1921 1116 1986 illum,
1150 1929 1177 1976 et
1210 1923 1277 1987 telo,
1313 1923 1390 1991 qiiod
1421 1924 1516 1986 aiunt,
1550 1922 1673 1975 immisso
1705 1919 1811 1992 sepiat.

519 2023 569 2063 or.
593 2006 633 2058 bn
657 2021 711 2060 non
734 2003 850 2059 subiecit
872 2004 1101 2085 nornenclaturnm
1129 2004 1359 2078 expostulationi‘i
1389 2005 1525 2079 quomodo
1553 2022 1621 2077 ergo
1650 2022 1682 2060 er
1712 2003 1812 2077 angulo
1874 2059 1878 2066 ,

517 2090 683 2147 convicietur
705 2097 733 2144 et
755 2088 842 2161 lugit‘t
871 2089 968 2162 quodsi
992 2106 1063 2145 nnnc
1085 2090 1199 2150 vireret,
1229 2089 1334 2145 rideres
1362 2100 1436 2146 certe
1459 2099 1589 2163 quantum
1612 2098 1686 2145 esset
1709 2090 1842 2162 fugito-¹⁵

516 2194 564 2231 rus
588 2184 622 2230 te.
1569 2200 1574 2205 ·

582 2253 681 2335 [totis]
726 2275 776 2314 nn.
801 2259 862 2313 Nou
886 2261 982 2331 apitur
1005 2260 1040 2313 de
1062 2261 1192 2314 articulis
1218 2261 1300 2329 fidei,
1334 2262 1386 2314 sed
1411 2278 1449 2314 aa
1473 2261 1659 2329 principatus
1689 2258 1813 2314 Romani

513 2346 660 2417 pontificis
681 2345 717 2398 sit
740 2343 901 2410 aedbricto,
925 2361 963 2398 au
985 2345 1178 2399 cardinalium
1202 2345 1272 2398 ordo
1287 2345 1323 2398 sit
1339 2347 1533 2399 necessarium
1550 2345 1707 2398 membrum
1722 2345 1809 2399 eccle·

516 2432 580 2496 sice,
605 2446 642 2483 au
665 2427 810 2500 consessio
829 2430 866 2483 sit
888 2430 923 2483 ab
947 2429 1067 2483 authore
1091 2430 1222 2484 Christo?
1277 2444 1328 2485 or.
1351 2428 1409 2483 Non
1432 2429 1523 2502 agitur
1544 2429 1577 2483 de
1592 2427 1717 2484 articulis
1733 2427 1809 2483 fidei?

517 2532 586 2588 qnos
609 2530 676 2585 ergo
700 2520 728 2566 tn
750 2512 834 2567 babes
857 2513 986 2569 articulos
1009 2513 1089 2568 lidei?
1128 2513 1206 2568 irobis
1230 2513 1361 2569 articulus
1383 2513 1443 2569 fidei
1466 2522 1521 2572 est,
1551 2513 1736 2586 principatum
1759 2513 1839 2568 noa

517 2598 587 2654 inani
610 2596 760 2671 pontilicis,
785 2605 815 2650 nt
838 2614 908 2652 nune
930 2606 987 2657 est,
1011 2614 1043 2652 er
1064 2597 1183 2659 diabolo,
1206 2607 1233 2652 et
1256 2596 1287 2653 e'x
1304 2597 1449 2671 scripturis
1466 2615 1519 2652 non
1534 2615 1609 2657 esse:
1632 2597 1809 2661 cardinalium

515 2699 642 2757 pompam
665 2688 692 2736 et
715 2681 813 2735 lustum
836 2698 891 2735 non
913 2699 973 2737 esse
996 2699 1027 2737 et
1049 2681 1205 2754 evangelio,
1229 2683 1275 2737 scd
1292 2682 1480 2756 pedissequam
1496 2681 1625 2737 familiam
1640 2681 1808 2741 Antichristi.

515 2765 646 2823 articulus
669 2764 730 2818 lnlei
753 2772 811 2825 est:
835 2765 980 2838 episcopos
1002 2782 1057 2821 non
1079 2785 1161 2839 posse
1184 2766 1307 2839 obligare
1330 2767 1362 2821 ad
1385 2776 1526 2840 peccatum
1549 2766 1606 2821 snis
1632 2766 1808 2822 constitutio·

516 2850 610 2910 nibus,
644 2856 672 2904 et
695 2856 825 2921 tyraiinos
856 2859 883 2904 et
912 2849 995 2924 lupos
1021 2868 1096 2912 esse,
1131 2852 1152 2906 si
1180 2861 1276 2907 contra
1299 2852 1462 2924 scripturam
1484 2851 1643 2912 docuerint,
1677 2850 1809 2906 articulus

515 2935 576 2990 fidei
599 2942 655 2996 est;
688 2933 888 2989 contessionem
911 2952 965 2991 non
989 2953 1050 2990 esse
1068 2944 1283 2998 sacramentum,
1317 2952 1406 3009 neque
1434 2935 1613 2991 necessariam
1637 2935 1668 2990 ad
1692 2935 1840 2991 salutemus

516 3037 595 3092 qnam
618 3035 669 3073 nos
691 3017 851 3091 papisticanr
874 3028 901 3074 et
924 3019 1102 3075 auricularem
1125 3039 1262 3080 vocamus,
1298 3020 1352 3075 imo
1381 3021 1552 3094 pestileram,
1587 3019 1721 3082 articulus
1749 3019 1808 3074 ndei

515 3112 572 3160 est:
602 3104 629 3157 in
652 3120 770 3163 summa.
800 3121 850 3176 pro
874 3103 995 3160 articulis
1018 3104 1078 3160 lrdei
1102 3105 1232 3160 liabeinns
1255 3122 1423 3178 quincunque
1446 3123 1522 3162 sacra
1549 3105 1686 3177 scriptura
1715 3105 1808 3164 docet:

514 3207 565 3261 pro
588 3188 758 3243 anathemate
781 3196 808 3243 et
831 3189 975 3246 arbitrario
999 3189 1127 3263 quiequid
1151 3189 1197 3245 illa
1219 3206 1272 3245 non
1295 3190 1388 3252 docet,
1412 3191 1462 3245 etsi
1479 3188 1594 3262 angelus
1609 3189 1694 3244 literit
1710 3207 1724 3244 a
1741 3188 1808 3245 ctelo

515 3274 560 3347 qui
583 3274 718 3330 diversum
740 3272 846 3329 dixerit

580 3353 679 3434 [stit]
724 3374 774 3413 nn.
798 3358 903 3431 Finqat
926 3359 1068 3415 Casurum
1090 3362 1130 3414 ita
1153 3361 1231 3430 loqui
1264 3360 1411 3426 ‘Erasme,
1441 3374 1616 3429 persuasum
1644 3365 1688 3414 est
1718 3359 1839 3414 nobis'ao

514 3451 565 3499 ete.
600 3445 705 3499 adiuva
727 3444 815 3515 ipitnr
837 3451 951 3500 nostros
972 3453 1093 3500 conatus
1115 3447 1144 3498 iu
1167 3446 1355 3515 opprimendo
1377 3444 1609 3513 pestilentissima
1629 3443 1738 3498 dieresi
1751 3443 1807 3497 Lu·

513 3530 655 3583 lberaua'.
694 3529 764 3597 quid
784 3529 830 3584 bic
853 3531 1081 3600 respondissem?
1147 3544 1197 3584 or.
1221 3529 1288 3595 tluid
1312 3529 1519 3602 respondisses?
1549 3528 1600 3583 nisi
1622 3527 1646 3583 si
1666 3528 1808 3584 conscien-

514 3614 550 3668 tia
573 3622 619 3668 tna
641 3613 692 3668 hoc
714 3612 833 3668 dictabat
855 3630 961 3670 errasse
983 3613 1146 3674 Lntliernni,
1180 3613 1325 3686 scripturis
1347 3613 1399 3669 boe
1421 3622 1451 3667 nt
1478 3612 1618 3668 docuisses
1648 3613 1808 3668 exemisses·

514 3715 566 3771 que
588 3697 687 3753 Caesari
710 3705 738 3751 et
759 3696 838 3753 nobis
855 3698 933 3773 =hune
955 3716 1091 3772 serupum.
1137 3697 1189 3754 boc
1217 3698 1314 3753 luisset
1337 3698 1418 3753 animi
1447 3697 1563 3769 integri,
1592 3697 1714 3758 candidi,
1745 3697 1795 3752 sim

513 3782 592 3855 plicis
615 3790 642 3837 et
665 3780 826 3843 Christiani,
860 3783 966 3839 etiamsi
995 3782 1062 3838 niliil
1091 3784 1340 3855 rogassetssiesar.
1391 3782 1414 3837 si
1442 3799 1496 3837 non
1525 3782 1634 3837 errabat
1661 3781 1840 3841 lucheman

513 3874 672 3921 constanter
693 3865 807 3921 dixisses
831 3866 902 3939 quod
925 3885 969 3922 res
992 3877 1046 3928 est,
1070 3867 1197 3941 „Optime
1220 3869 1385 3940 imperator.
1409 3865 1475 3921 nibil
1500 3865 1561 3939 lego
1583 3866 1726 3925 adversum
1741 3866 1808 3922 scri·

513 3950 603 4023 ptnris
617 3948 715 4004 divinis
730 3949 757 4003 in
773 3949 906 4012 Lntliero,
930 3968 1018 4024 neque
1040 3970 1152 4026 possum
1169 3951 1211 4007 liic
1226 3951 1340 4026 obsequi
1357 3951 1404 4007 tibi
1421 3960 1448 4006 et
1463 3951 1604 4006 veritatem
1620 3950 1807 4024 impugnare.”

514 4035 558 4090 Sic
581 4032 783 4107 responderunt
805 4035 936 4107 apostoli,
960 4055 1021 4091 euna
1044 4037 1242 4110 impeterentur
1264 4054 1278 4090 a
1302 4035 1471 4110 principibus
1486 4044 1513 4090 et
1528 4034 1719 4108 pontificibns;
1744 4046 1807 4090 ‘non

513 4117 668 4191 possumus*
690 4117 817 4190 inquiunt
840 4127 902 4176 ‘non
925 4119 1015 4176 dicere
1038 4139 1099 4195 qnae
1121 4121 1236 4177 vidimus
1258 4129 1286 4175 et
1308 4120 1475 4177 audivirnns'.
1513 4137 1567 4175 non
1590 4119 1731 4175 herebant
1746 4132 1808 4193 par*

513 4203 560 4257 tim
584 4202 735 4265 allbristo,
759 4203 857 4277 partim
881 4223 895 4260 a
917 4205 1090 4278 pontificibus
1113 4215 1141 4261 et
1163 4205 1288 4267 allelial;
1312 4222 1366 4260 non
1387 4204 1513 4261 colebant
1527 4203 1667 4259 dominnm
1682 4212 1710 4259 et
1726 4201 1840 4259 simulio

513 4296 602 4343 tamen
626 4287 793 4344 lalnicnbant
815 4289 901 4351 idola:
936 4290 982 4346 sed
1004 4290 1205 4346 confitebantur
1232 4289 1372 4345 dominum
1400 4289 1488 4345 lesum
1516 4289 1669 4349 Christum,
1703 4297 1806 4361 gratias

512 4379 625 4446 agentes
648 4374 720 4448 quod
742 4373 817 4447 digni
840 4383 918 4430 crant
942 4374 1025 4430 babiti
1047 4392 1098 4448 pra
1122 4375 1230 4430 nornine
1254 4375 1313 4429 eins
1335 4373 1437 4447 aliquid
1467 4374 1537 4447 pati,
1572 4381 1599 4428 et
1629 4373 1753 4445 qnotidie
1781 4373 1808 4425 in

513 4457 615 4532 templo
647 4465 675 4513 et
708 4458 734 4513 in
768 4459 884 4532 singulis
916 4459 1042 4515 domibus
1072 4476 1125 4515 non
1155 4457 1298 4515 cessabant
1331 4460 1430 4515 docere
1463 4467 1492 4513 et
1528 4457 1693 4514 annunciare
1722 4457 1808 4513 lesuin

512 4543 657 4600 Christum.

577 4623 675 4705 [stit]
719 4645 770 4685 nn.
795 4629 855 4696 Quo
878 4645 921 4684 me
940 4630 1170 4699 proripuissem?
1203 4631 1243 4682 ad
1270 4644 1366 4683 arcem
1396 4629 1535 4683 Hutteni?
1568 4629 1607 4681 ad
1636 4626 1838 4681 Witteuber-ia

510 4722 597 4784 qam?
664 4729 713 4769 or.
737 4714 795 4780 Quo
819 4723 845 4769 tc
868 4714 1069 4787 proripuissesl
1102 4731 1156 4786 (qno
1178 4712 1348 4786 proripiebat
1376 4732 1405 4769 se
1427 4711 1540 4772 Paulus,
1569 4729 1630 4767 cum
1660 4711 1807 4783 vagabatur

513 4797 624 4853 incertis
648 4797 771 4861 sedibus,
794 4798 946 4860 esuriebat,
971 4798 1096 4860 sitiebat,
1120 4796 1286 4861 caedebatur,
1309 4796 1462 4859 laborabat,
1485 4796 1614 4854 conviciis
1630 4795 1805 4855 :illiciebatun

513 4911 715 4921 ψ

580 4977 609 5009 ²3
627 4979 758 5029 Hochstr.
773 4983 798 5029 3.
829 4979 872 5028 cf.
892 4994 975 5043 snpra
993 4977 1235 5042 vaurpeina
1250 4978 1290 5029 33.
1305 4995 1363 5044 sqq.
1416 4977 1426 5010 ⁴
1445 4980 1575 5044 Hegestr.
1591 4982 1615 5028 1.
1635 4977 1765 5029 Hochstr.
1780 4979 1803 5026 3.

513 5064 590 5114 illico
610 5066 636 5113 3.
685 5063 703 5095 ¹¹
723 5063 854 5113 Hoclistr.
869 5066 895 5112 3.
946 5059 966 5092 ¹⁰
985 5067 1080 5114 autore
1100 5066 1160 5113 2³.
1215 5063 1234 5095 ³¹
1255 5064 1364 5113 Ihesum
1384 5068 1408 5112 1.
1461 5060 1483 5093 ⁴³
1502 5064 1667 5112 annuntiare
1682 5064 1708 5112 3.
