4367 6084
377 718 545 770 CCCXCIX.
560 735 695 770 nuaram
709 734 960 770 οεοο.Αοο.ονττ.
969 733 1254 769 enarmonicum.
1263 733 1389 768 caenon
1401 732 1563 769 avuanvua.
1596 705 1665 774 471

271 898 276 915 ·
374 895 573 966 cognoscentia
596 895 674 970 copia
697 895 758 950 alata
781 901 838 955 est,
868 910 964 966 magna
987 893 1067 949 animi
1089 891 1229 966 veluptate
1252 892 1366 966 perlegi.
1409 894 1515 950 Etenim
1541 904 1569 951 et
1590 913 1671 967 argu·

374 978 458 1033 tuenti
487 980 607 1034 novitate
636 988 664 1035 et
692 978 816 1035 facundia
845 979 978 1033 sermonis
1007 987 1035 1034 et
1063 977 1155 1051 operis
1185 976 1329 1034 artificiosa
1356 972 1511 1058 οἰκονομίᾳ
1538 997 1669 1053 perquam

374 1063 489 1118 festivus
512 1064 576 1119 milri
600 1064 674 1119 visus
696 1073 739 1120 est
762 1062 807 1117 ille
829 1061 969 1135 dialogus,
993 1064 1093 1136 quique
1116 1061 1255 1135 egregiam
1277 1062 1380 1134 ingenii
1396 1062 1551 1119 llutteuiani
1575 1065 1624 1120 vim
1641 1073 1668 1120 et

372 1147 526 1203 ‹lisseremti
548 1147 705 1204 laenitatem
728 1147 904 1204 excellentem
933 1148 1003 1203 lrautl
1034 1147 1150 1203 obscure
1179 1146 1313 1208 redoleat:
1344 1147 1510 1221 dignumque
1539 1148 1668 1211 arbitror.

354 1231 423 1303 aqui
446 1231 519 1287 inter
540 1234 663 1288 eruditos
686 1232 762 1288 lusus
784 1249 844 1288 cum
868 1232 963 1304 primis
985 1232 1078 1288 liaberi
1101 1241 1128 1287 et
1151 1232 1184 1287 ab
1207 1231 1320 1287 interitu
1342 1232 1469 1288 virulicari
1486 1231 1590 1288 debeat.
1618 1236 1668 1290 Cu·

372 1332 466 1388 perem
489 1317 560 1372 enim
583 1317 735 1390 permultos
757 1317 790 1372 de
812 1315 939 1372 Franciea
961 1316 1105 1372 nobilitate
1128 1315 1207 1371 liuius
1231 1316 1280 1370 viri
1302 1316 1424 1389 vestigiis
1447 1317 1586 1393 insistere,
1615 1319 1668 1374 vir·

371 1407 445 1461 tute.
468 1401 622 1457 eruditione
638 1410 665 1456 et
689 1401 821 1456 industria
844 1401 995 1457 immortale
1017 1418 1117 1456 nomen
1140 1419 1170 1456 ae
1192 1402 1273 1456 alecus
1296 1402 1408 1474 parare’.
1454 1402 1493 1457 Tu
1517 1420 1594 1465 vero,
1618 1421 1667 1459 ne-

371 1483 503 1541 bilissime
527 1487 580 1547 vir,
603 1487 696 1541 (tertre
719 1486 778 1541 liare
801 1485 890 1554 emnia
912 1486 1041 1559 accipies,
1065 1494 1093 1540 et
1114 1485 1224 1559 pietatis
1240 1485 1470 1559 humanitatisque
1486 1487 1574 1542 simlia
1590 1506 1665 1544 more

370 1569 461 1639 gentis
485 1578 538 1625 tuae
561 1579 672 1626 strenue
693 1570 836 1630 ileteardes,
860 1576 888 1624 et
911 1588 967 1631 me.
991 1571 1118 1644 quoniam
1133 1569 1239 1626 litteras
1255 1588 1340 1633 anns,
1364 1570 1470 1644 diliges.
1502 1571 1573 1628 Vale.
1602 1572 1666 1629 llata

341 1664 363 1703 ιο
373 1652 485 1710 basileae
510 1655 706 1716 Rauracorum,
729 1656 807 1710 Anna
830 1647 1000 1710 inunxit.

650 1735 658 1741 ”
1099 1738 1230 1795 llerrricus
1253 1740 1366 1796 Petreus
1388 1739 1577 1797 llenlesiauus.

437 1888 478 1935 Ex
495 1889 623 1952 sequenti
642 1887 763 1937 eiusdem
776 1888 870 1936 Petrei
884 1889 1006 1936 carmine
1020 1887 1140 1952 Georgia
1154 1888 1295 1937 Lutlovieo
1312 1890 1435 1939 Hulteno
1454 1891 1541 1954 equiti
1554 1892 1663 1941 Franco

369 1970 465 2021 dicato
481 1973 687 2038 quinquaginta
706 1977 859 2036 postremos
877 1987 973 2021 versus
990 1971 1036 2021 liic
1055 1973 1190 2036 repetisse
1210 1973 1330 2022 iuvabit:

599 2079 688 2148 thue
711 2094 798 2131 mana
820 2079 910 2132 (taetra
928 2083 1114 2149 peraqantur
1134 2078 1207 2133 bella
1226 2077 1374 2147 Minervae,

337 2172 360 2210 1⁵
660 2163 806 2231 Aoniaque
824 2164 910 2217 simut
929 2164 1067 2232 presentet
1086 2163 1150 2232 ipsa
1170 2163 1267 2231 ebora,

593 2247 640 2302 Sic
662 2258 773 2318 qunque
795 2247 931 2301 bellatrix
953 2248 1109 2301 Germania
1132 2249 1186 2302 rite
1209 2250 1330 2303 uacabat

658 2332 775 2386 Artibus
796 2336 823 2384 et
844 2331 920 2386 eruite
938 2338 1057 2402 pectere
1079 2333 1193 2387 miiitiae.

594 2417 685 2471 Testis
707 2418 776 2470 <raes
797 2416 909 2471 clarum
930 2416 1034 2470 Plaoebo
1052 2415 1198 2487 Martique
1222 2420 1334 2490 tuisque

657 2500 786 2555 Maxime
810 2500 961 2556 Germanis
980 2501 1137 2555 Aemiliane
1159 2502 1263 2558 decus:

592 2586 665 2640 Nam
686 2586 802 2639 meliore
823 2592 849 2639 te
874 2600 941 2656 reqe
959 2584 1063 2640 sobolis
1084 2588 1215 2641 doctrina
1238 2589 1337 2643 doceri

658 2670 811 2740 Captaque
832 2669 953 2741 Reltiqio
967 2672 1074 2738 patrius
1096 2672 1172 2725 calma
1196 2674 1267 2732 coli;

591 2755 685 2825 Teque
698 2754 787 2809 rionis
806 2761 917 2808 constat
935 2769 1073 2827 aerternae
1098 2763 1215 2827 tuasque
1236 2765 1352 2828 raepetcs

663 2838 802 2893 Victorem
825 2841 912 2893 terris
934 2840 1102 2909 impositione
1119 2842 1231 2909 pedem.

588 2925 664 2980 Gens
683 2922 809 2978 Hebraea
833 2938 901 2978 suas
920 2924 1007 2994 iqitur
1030 2924 1180 2996 Graecique
1201 2927 1308 2983 libellos

655 3007 748 3077 Atque
769 3023 837 3062 suas
858 3008 938 3062 uobis
956 3008 1048 3062 Roma
1069 3003 1179 3064 diserta
1201 3013 1293 3072 dedit,-

585 3093 627 3147 Ac
648 3093 724 3146 nitor
749 3093 854 3162 eloquii
874 3092 1058 3147 tenebrarum
1079 3094 1198 3162 dispulit
1221 3102 1288 3150 atra

654 3176 758 3230 Nubila
781 3177 916 3230 barbarie
938 3178 1113 3246 concipiente
1135 3177 1247 3250 fraqam.

585 3261 687 3316 Ardua
708 3260 854 3327 nobilium,
878 3260 1017 3327 brithere,
1041 3262 1183 3317 aotrrmina
1206 3271 1300 3319 nattam

650 3345 761 3400 Ponitis
778 3351 805 3399 et
827 3346 946 3399 areanis
967 3345 1081 3400 condita
1103 3362 1190 3402 sacra
1209 3350 1298 3404 libris.

587 3430 645 3484 Sed
667 3430 800 3496 Graecae,
824 3429 983 3496 Ιοοοοοοο,
1007 3432 1091 3484 daces
1114 3439 1248 3503 artesque
1269 3435 1396 3502 Lartinas,

650 3515 689 3568 Iit
713 3521 757 3578 tu,
778 3513 930 3569 Musarum
953 3515 1051 3580 elatee,
1074 3515 1222 3586 Phiiippo,
1245 3520 1340 3586 decus,

583 3599 784 3668 Doctrinoeque
800 3601 873 3669 pari
891 3600 985 3653 stettin
1006 3600 1144 3667 metiaris,
1168 3601 1299 3670 Erasrae‚

649 3683 766 3737 Artibus
787 3685 918 3754 inqeuuis
940 3690 1069 3754 tempora
1088 3686 1177 3739 marita
1196 3688 1295 3742 dabas.

581 3768 739 3834 Attienus,
761 3768 918 3834 Halteras,
941 3768 1089 3822 doctarum
1112 3774 1224 3840 qrantle
1246 3788 1388 3842 sororum,

651 3852 720 3905 Arte
740 3850 799 3922 suit
819 3854 905 3907 rarallis
926 3854 1070 3923 eloquiove
1093 3856 1203 3909 minor:

581 3936 689 3990 Nobilis
710 3942 740 3990 ut
758 3936 853 4008 suerit
871 3939 1041 4008 qenerisque
1058 3941 1221 4011 propaqine
1243 3944 1351 4010 clarus,

648 4020 775 4077 Nobilior
794 4024 896 4077 studiis
918 4023 1086 4094 inuenioque
1106 4024 1181 4096 suit:

581 4104 693 4160 Civibus
714 4106 760 4160 itte
780 4109 841 4162 satis
862 4109 968 4176 pratrioe
988 4108 1119 4177 (terentis
1139 4128 1237 4167 amore

647 4189 794 4245 Auarilium
815 4192 935 4247 celantis
957 4207 1034 4261 saepe
1056 4211 1200 4266 mariaque
1223 4199 1301 4258 tulit,-

581 4272 635 4327 llle
657 4281 721 4327 erat
739 4282 894 4345 aratorque
917 4283 1020 4331 toranus
1037 4279 1168 4348 idemque
1184 4288 1272 4349 poeta
1308 4275 1309 4278 '

648 4356 700 4412 Cui
720 4360 805 4414 daret
823 4360 942 4413 Aoniam
963 4360 1107 4430 Calliopea
1126 4363 1243 4434 rbelyrtr

578 4441 711 4497 Carmine
733 4442 901 4497 llletlaaeum
924 4446 1013 4498 terruit
1038 4445 1209 4516 Tybrimque
1231 4449 1401 4522 I’adttmque

645 4528 683 4580 Et
704 4526 801 4582 libeni
820 4529 945 4583 tumidas
965 4528 1112 4584 nobilioris
1132 4547 1240 4600 aquas,¹

577 4611 636 4667 Nee
654 4612 724 4680 pias
748 4613 777 4666 in
799 4627 925 4677 serarius,
944 4612 1031 4683 sada
1053 4630 1106 4669 nec
1128 4617 1158 4669 in
1180 4617 1245 4670 aelia
1268 4619 1340 4685 aitte,

645 4696 729 4750 Certa
752 4698 804 4751 seri
825 4699 853 4752 iu
872 4699 981 4767 patria:
1003 4701 1148 4754 commoda
1171 4708 1257 4756 natas
1282 4710 1354 4757 erat.

578 4779 685 4835 Oderat
707 4782 839 4850 iqrraem,
864 4788 973 4836 iuratum
997 4785 1047 4853 qui
1065 4787 1191 4851 nornine,
1214 4804 1270 4841 raon
1293 4804 1326 4842 re

642 4864 715 4920 Sunt
735 4865 876 4932 homiues,
899 4867 987 4921 titulis
1008 4869 1093 4923 turba
1112 4871 1238 4939 superba
1258 4874 1327 4926 suis.

416 5041 437 5074 ¹'
455 5044 670 5095 Maximilianus.
722 5045 746 5079 ⁸⁰
763 5045 948 5098 Camerarius.
1001 5047 1022 5081 ³¹
1041 5049 1247 5101 Melanchtlion.
