4367 6084
537 720 607 792 172
697 735 827 787 cccvtl.
842 752 945 786 aunone
960 752 1021 787 nor.
1036 751 1072 786 nn
1086 751 1200 787 nanceii
1215 753 1359 789 innarenn
1372 755 1414 788 nr.
1429 754 1455 789 n.
1471 749 1489 790 t.
1504 755 1584 789 rena.
1602 745 1658 788 tati.

533 920 668 968 conantur
690 911 716 966 in
740 911 858 966 hostiurn
881 911 973 985 copias
997 911 1166 986 propellere,
1197 931 1213 966 n
1275 912 1310 966 ob
1332 912 1418 973 alind,
1450 914 1501 968 nisi
1531 922 1561 968 ut
1587 914 1636 968 hac
1665 913 1706 967 ria
1729 911 1825 985 perde·

536 1006 596 1052 rent
626 1014 704 1069 quem
729 996 844 1068 linguis,
875 996 954 1051 lionis
977 997 1064 1052 literis
1093 1015 1123 1051 ac
1146 930 1399 1069 veteffiieologiae
1423 997 1532 1053 fortiter
1554 999 1770 1072 patrocinantem
1792 997 1825 1050 de

419 1114 422 1119 ·
464 1079 617 1154 §.u-gratu
646 1081 761 1137 deiicere
790 1098 845 1136 nou
874 1090 1009 1153 poterant.
1053 1081 1146 1154 ltaque
1175 1083 1273 1136 factum
1296 1090 1338 1137 est
1361 1101 1414 1137 non
1438 1101 1495 1138 mea
1520 1083 1625 1156 quidem
1654 1080 1748 1154 eulpa,
1778 1081 1825 1134 sed

534 1183 662 1240 perverso
679 1166 846 1237 quorundam
863 1166 969 1228 sttnliu,
987 1176 1014 1220 nt
1032 1175 1147 1239 utraque
1164 1167 1189 1220 in
1206 1175 1283 1239 parte
1299 1166 1408 1223 habeam
1426 1168 1554 1239 quosdam
1571 1167 1634 1222 mihi
1650 1183 1746 1239 parurn
1763 1183 1826 1238 pro·

535 1251 633 1324 pirios:
658 1250 790 1321 siqnidem
807 1251 832 1305 in
849 1258 926 1324 parte
941 1250 1025 1307 altera
1042 1258 1104 1305 sunt
1121 1251 1165 1324 qni
1182 1269 1271 1305 meum
1287 1250 1425 1306 silentium
1442 1254 1558 1307 favorem
1576 1252 1667 1306 invisae
1684 1250 1770 1324 partis
1787 1250 1847 1304 tra-s
1895 1260 1898 1263 ’

534 1343 734 1407 terpretentor;
758 1351 865 1390 rursum
883 1335 953 1394 inter
969 1352 1016 1390 eos
1033 1336 1078 1408 qni
1094 1335 1214 1390 Lulliero
1231 1336 1335 1396 favent,
1360 1344 1423 1390 sunt
1435 1337 1485 1409 qui
1502 1337 1618 1391 fremant
1632 1345 1659 1390 et
1683 1335 1826 1406 indignen-

506 1438 508 1441 ·
534 1428 579 1474 tnr
602 1419 672 1490 quod
697 1419 732 1473 oh
755 1419 834 1491 apiani
851 1420 1035 1479 timiditatem,
1058 1429 1089 1474 nt
1106 1419 1194 1482 aiunt,
1217 1437 1324 1475 cansam
1339 1420 1470 1493 evangelii
1485 1406 1621 1481 deseram,
1639 1437 1688 1475 uec
1702 1419 1826 1474 deseram

535 1503 636 1562 solnm,
660 1504 853 1558 verumetiam
877 1504 974 1559 moliar
995 1504 1096 1577 aliquid
1120 1504 1151 1559 ad
1174 1504 1414 1560 constabiliendam
1437 1523 1544 1560 cansam
1567 1504 1739 1578 pontificum,
1770 1502 1826 1556 sive

465 1591 523 1640 §sou
535 1597 564 1643 nt
587 1584 632 1643 isti
656 1597 751 1643 vocant
773 1588 939 1661 papisticam.
984 1588 1082 1644 Verum
1099 1588 1158 1643 aliis
1174 1589 1281 1661 quidem
1298 1590 1349 1644 iarn
1366 1606 1437 1662 saepe
1460 1606 1572 1644 nrrmero
1588 1589 1731 1662 respondi;
1755 1604 1827 1641 nunc

534 1673 630 1728 habens
658 1673 760 1745 egerim
790 1690 849 1728 cum
872 1673 1026 1728 lartherano
1055 1673 1197 1746 quopiam,
1228 1673 1339 1729 sedani
1363 1673 1398 1728 sit
1421 1674 1522 1747 aliquid
1545 1674 1695 1746 equitatis:
1725 1673 1826 1744 opinor
1837 1676 1859 1713 ¹⁰

533 1758 603 1813 enirn
627 1775 668 1812 me
690 1775 797 1812 carosam
821 1745 904 1813 me'am
927 1767 954 1813 et
977 1757 1015 1812 illi
1038 1757 1216 1831 probaturum
1240 1775 1271 1812 ex
1294 1758 1335 1812 liis
1359 1775 1419 1830 qnae
1442 1759 1500 1831 ipse
1519 1758 1584 1812 mihi
1598 1757 1747 1827 largietur:
1772 1755 1826 1828 pri·

533 1860 605 1896 mmu
627 1842 698 1896 euim
722 1832 904 1915 piereontahor
927 1842 1014 1903 illum,
1045 1843 1109 1915 qnid
1133 1842 1232 1897 sentiat
1254 1843 1287 1897 de
1310 1843 1442 1903 luthero:
1472 1843 1567 1914 ntiipe
1589 1841 1767 1915 respondebit
1789 1839 1827 1891 vi·

533 1944 591 1981 rum
621 1944 682 1980 esse
710 1935 832 1981 sanctum
863 1936 891 1982 et
918 1926 1116 1997 evangelicum,
1146 1927 1305 1981 Christiana
1334 1927 1443 1999 pietatis
1466 1928 1684 1982 instauratorem.
1729 1924 1826 1980 deinde

533 2011 635 2083 rogabo
658 2028 721 2065 ianm
745 2011 806 2066 hnic
829 2011 930 2066 similes
954 2012 1006 2066 sint
1031 2029 1100 2083 qnos
1124 2011 1203 2077 trahet
1226 2011 1277 2065 sihi
1292 2012 1421 2073 devotos:
1444 2010 1613 2066 confirmabit
1629 2010 1698 2065 haud
1713 2008 1826 2064 dubium

532 2096 571 2150 sie
593 2113 661 2150 esse.
706 2113 767 2150 mox
789 2096 971 2168 percontabor
992 2096 1088 2168 ecquid
1112 2095 1262 2168 exemplum
1285 2096 1320 2150 sit
1349 2095 1531 2167 euangelicum
1561 2095 1665 2150 technis
1693 2103 1719 2148 et
1749 2094 1772 2147 vi
1798 2092 1823 2146 in
1837 2097 1857 2136 ¹⁵

533 2198 608 2235 snam
630 2180 774 2235 factionem
798 2198 950 2253 quenquam
974 2180 1321 2274 pertrahere,dirarsertim
1346 2198 1427 2253 quom
1452 2176 1655 2251 uon'ignorent
1678 2179 1747 2232 hanc
1763 2194 1826 2251 pro·

534 2265 678 2320 fossionem
702 2281 757 2319 non
780 2283 840 2320 esse
863 2266 951 2320 larinus
975 2264 1154 2337 periculosam
1174 2283 1253 2336 «qnam
1277 2265 1359 2319 fuerit
1382 2265 1445 2320 olim
1461 2264 1604 2319 Christiani
1628 2263 1760 2322 nominis:
1785 2259 1825 2314 lu·

532 2349 651 2404 danorum
675 2357 733 2404 erat
756 2349 929 2405 obambulare
952 2350 1033 2405 maria
1056 2359 1083 2404 et
1107 2358 1207 2408 terras,
1231 2357 1259 2403 nt
1284 2367 1365 2403 ainaim
1386 2349 1555 2422 proselytum
1571 2347 1705 2403 illicerent
1721 2347 1748 2400 in
1765 2363 1826 2400 nas·

534 2451 590 2488 saur
614 2433 697 2505 legis;
721 2434 837 2506 apostoli
861 2434 992 2488 arelatinum
1017 2435 1140 2488 liriruanis
1164 2433 1267 2488 artibus
1282 2432 1456 2495 allectabant,
1481 2442 1507 2487 et
1522 2433 1646 2488 celabant
1660 2431 1760 2485 Christi
1777 2447 1825 2484 uo·

466 2523 594 2573 ttamen
617 2519 770 2590 professos,
793 2519 879 2573 donec
902 2528 1013 2589 urgeret
1036 2517 1166 2572 mlicnlus
1189 2517 1342 2591 profitendi.
1388 2517 1448 2572 llaec
1471 2518 1559 2572 dicere
1583 2533 1689 2589 possem
1714 2516 1736 2568 si
1760 2517 1856 2588 pro-²⁰

533 2602 616 2657 fessio
632 2603 793 2657 lutheranae
809 2602 933 2657 factionis
956 2602 1022 2657 nihil
1046 2601 1117 2656 alind
1141 2611 1213 2657 esset
1237 2619 1315 2674 equam
1339 2603 1474 2675 professio
1497 2601 1628 2657 doctrinae
1651 2589 1823 2672 evangeliea,

532 2694 560 2741 et
583 2686 604 2740 si
629 2686 769 2759 «priscam
792 2688 861 2759 apud
886 2686 953 2741 istos
976 2685 1120 2759 aliqnando
1142 2686 1209 2742 clam
1234 2689 1375 2760 professus
1397 2696 1485 2742 esset:
1516 2703 1586 2741 nnnc
1609 2683 1697 2758 qualis
1720 2684 1756 2737 sit
1780 2682 1824 2737 illa

532 2770 682 2842 professio,
706 2770 766 2825 aliis
789 2771 959 2826 imlicandum
982 2771 1122 2845 relinqno;
1144 2780 1219 2826 certe
1242 2770 1330 2844 qualis
1353 2771 1441 2843 qualis
1457 2780 1512 2832 est.
1537 2788 1578 2825 me
1594 2770 1680 2825 inscio
1695 2776 1756 2823 uada
1773 2775 1823 2827 est,

532 2861 560 2909 et
582 2872 623 2908 me
645 2855 807 2910 dehortante
828 2872 988 2928 progressa,
1012 2856 1092 2911 ctiam
1116 2873 1202 2928 usqne
1225 2856 1256 2909 ad
1279 2874 1326 2910 eos
1349 2857 1461 2927 gradus.
1487 2856 1555 2909 intra
1579 2871 1648 2928 qnos
1668 2854 1756 2908 adhuc
1770 2848 1825 2906 ina·

532 2938 600 2996 xima
624 2955 654 2993 ex
677 2947 754 3012 parte
776 2940 892 2994 minidns
914 2940 1092 3013 applaudebat
1116 2939 1221 2995 fabulae.
1265 2940 1374 2995 tulerim
1402 2948 1516 3012 sequana
1544 2947 1586 2994 est
1608 2938 1754 3011 Captivitas
1777 2937 1858 2991 tta-²⁵

533 3022 668 3096 hylouica,
693 3017 840 3097 dbrogatio
864 3024 966 3085 missae,
991 3024 1075 3079 totins
1090 3024 1233 3079 llussiticae
1255 3024 1386 3079 doctrinm
1407 3024 1543 3083 defensio,
1567 3031 1668 3096 praeter
1690 3021 1741 3077 alia
1764 3038 1825 3094 qnae

532 3107 662 3163 Saronico
684 3107 775 3180 lingna
799 3109 953 3182 conscripta
976 3126 1018 3163 me
1041 3126 1090 3164 uec
1113 3108 1241 3163 lectorem
1264 3109 1424 3163 admittunt:
1447 3116 1473 3162 et
1491 3116 1579 3162 tamen
1595 3108 1725 3161 hactenus
1741 3123 1825 3179 quum

533 3191 625 3248 multis
648 3192 708 3248 aliis
730 3193 763 3249 de
785 3194 889 3254 causis,
914 3201 969 3248 tum
992 3194 1041 3249 hac
1065 3193 1200 3266 praecipue
1217 3193 1289 3265 quod
1307 3193 1486 3266 intelligerem
1502 3192 1644 3264 negocium
1662 3209 1722 3245 csse
1739 3191 1824 3244 maius

447 3284 451 3293 '
534 3295 590 3333 mea
613 3278 784 3350 cognitione,
808 3279 840 3333 de
863 3278 1034 3349 dogmatibus
1057 3277 1168 3337 lutheri
1193 3277 1257 3332 nihil
1280 3278 1471 3351 pronunciavi:
1495 3285 1598 3331 tantum
1615 3275 1703 3331 raihtis
1719 3274 1824 3348 aliquot

508 3362 657 3435 'epistolis
681 3371 796 3417 testatus
819 3380 878 3417 snm
902 3381 944 3417 me
967 3349 1080 3436 prorsus
1104 3362 1219 3417 alienum
1243 3380 1302 3419 esse
1325 3380 1339 3416 a
1363 3362 1463 3417 fauere
1485 3362 1716 3419 Lntlreranornnr,
1746 3367 1773 3414 et
1798 3359 1858 3412 in³⁰

533 3446 642 3520 scriptis
666 3446 738 3501 illins
762 3457 822 3520 <pne
845 3447 910 3501 mihi
934 3446 1025 3519 legere
1047 3447 1178 3518 contigit.
1201 3446 1355 3501 desiderare
1378 3445 1530 3520 pluscuhmi
1553 3444 1713 3499 Christiana,
1734 3444 1825 3497 mode·

465 3531 609 3592 §.tt-stiae,
639 3537 666 3585 et
694 3539 789 3604 optare
817 3530 907 3586 minus
934 3531 1128 3586 amaruleritia.
1174 3532 1221 3586 llic
1244 3549 1339 3585 rursus
1362 3530 1503 3603 appellabo
1527 3529 1601 3584 illum
1625 3528 1736 3583 Lntheri
1760 3527 1826 3581 ami·

532 3630 622 3675 cum,·
639 3633 701 3670 rium
724 3625 833 3670 censeat
856 3616 907 3670 hoc
930 3616 1034 3670 facinus
1057 3616 1129 3688 qnod
1153 3615 1198 3671 ille
1222 3598 1319 3687 magho
1343 3615 1383 3670 sni
1407 3615 1503 3688 capitis
1525 3613 1694 3673 discrimine,
1726 3610 1841 3684 magno*

532 3699 647 3754 aliorum
663 3699 836 3771 aggreditur,
853 3699 1012 3771 praeclarum
1028 3717 1088 3754 esse
1105 3719 1134 3754 ae
1150 3699 1233 3753 ninlta
1250 3699 1327 3754 lande
1342 3700 1462 3772 dignum.
1507 3697 1696 3770 respondebit,
1715 3696 1822 3769 opinor.

532 3800 647 3856 prorsus
662 3783 840 3855 apostolicum
857 3780 918 3838 e'sse
934 3802 964 3838 ac
980 3784 1107 3838 memoria
1123 3783 1235 3855 dignum
1252 3783 1404 3838 immortali.
1428 3786 1484 3855 Age
1501 3792 1562 3837 ntar
1577 3782 1720 3854 permisso.
1758 3781 1823 3847 [liris
1834 3784 1857 3821 ³5

468 3905 472 3914 .
533 3867 618 3937 igitur
644 3882 697 3921 non
726 3866 871 3921 iudicasset
900 3885 941 3921 ure
969 3866 1123 3921 mortalium
1154 3868 1199 3938 qui
1222 3868 1313 3922 sierint
1337 3868 1455 3922 omnium
1479 3865 1746 3938 :irrrigantissinmm
1778 3864 1824 3938 qni

532 3958 636 4004 tantum
669 3948 757 4004 laudis
792 3950 856 4004 mihi
884 3951 1073 4010 vindicassem,
1109 3950 1155 4004 ubi
1186 3968 1218 4005 ne
1248 3951 1380 4007 lanterium
1410 3952 1516 4024 quidem
1545 3949 1736 4022 promerebat-‘t
1770 3949 1824 4003 imo
1858 3949 1862 3956 '

532 4033 593 4105 qnfs
616 4050 671 4088 non
693 4033 844 4089 censuisset
867 4051 909 4088 me
933 4035 1027 4108 quouis
1050 4035 1145 4090 Oreste
1170 4035 1350 4096 insaniorem,
1374 4036 1396 4090 si
1420 4035 1592 4090 falsissimam
1614 4034 1730 4105 gloriam
1752 4032 1825 4105 capi·

533 4117 567 4171 tis
590 4117 642 4171 mei
665 4116 786 4189 periculo
808 4117 955 4173 voluissem
978 4120 1113 4192 emptam?
1150 4120 1202 4175 lam
1232 4129 1291 4175 erat
1313 4120 1450 4194 plerisque
1474 4118 1626 4174 ieiunarehis
1649 4135 1679 4173 ao
1701 4116 1825 4191 praesuli·

532 4201 582 4256 bus
605 4218 763 4274 persuasum
787 4215 830 4257 me
853 4203 937 4259 totins
952 4204 1113 4260 lutheranae
1136 4205 1267 4259 doctrinae
1289 4206 1392 4260 fontem
1407 4222 1482 4264 esse,
1506 4211 1643 4261 autorem,
1667 4206 1855 4275 propugno-⁸⁰

533 4295 619 4341 torem
643 4294 669 4339 et
685 4285 835 4349 Atlantem
859 4288 912 4343 imo
935 4288 1020 4343 libros
1043 4290 1089 4361 (qni
1114 4290 1221 4344 nomine
1245 4288 1318 4344 illins
1339 4290 1582 4347 circumferuntur.
1606 4286 1718 4340 Lntheri
1735 4284 1823 4345 titulo,

532 4388 606 4426 ineos
630 4389 698 4426 esse.
742 4372 782 4426 An
806 4390 857 4444 ego
882 4373 979 4429 tacitns
1004 4382 1105 4429 tantam
1128 4374 1242 4446 gloriam
1266 4373 1330 4428 mihi
1354 4371 1436 4427 tribni
1460 4373 1515 4446 pati
1543 4368 1690 4426 debebam?
1724 4369 1824 4424 Clamat

531 4457 644 4512 loannes
669 4455 733 4512 ‘Nou
757 4474 816 4511 sum
839 4474 891 4530 ego
913 4458 1060 4512 Christns’:
1090 4475 1123 4512 au
1148 4476 1189 4513 nie
1212 4457 1393 4512 conveniebat*
1411 4455 1595 4512 obticescerc?
1628 4454 1680 4508 Sed
1703 4454 1823 4515 nimium,

533 4541 674 4614 inquiunt,
698 4540 790 4596 nrultis
814 4542 938 4615 epistolis
961 4542 1013 4597 hoc
1036 4543 1155 4597 testaris.
1200 4542 1256 4596 lma
1280 4549 1333 4595 tam
1356 4541 1448 4596 multis
1463 4539 1588 4613 epistolis
1604 4538 1645 4592 viu
1662 4538 1748 4593 adhue
1765 4555 1824 4611 per·

534 4625 633 4680 suadeo
658 4624 831 4698 quibusdam,
862 4627 929 4681 adeo
957 4626 1124 4682 mendacium
1154 4626 1204 4681 hoe
1227 4625 1489 4702 impudentissimum
1513 4631 1570 4679 erat
1593 4623 1701 4678 infixum
1726 4621 1820 4678 animis
1832 4625 1855 4664 ¹⁵

460 4708 721 4781 §.raptui-imorum.
766 4711 818 4765 lam
842 4711 913 4783 quod
937 4711 967 4764 ad
991 4711 1150 4765 modestiam
1173 4719 1201 4765 et
1223 4709 1436 4765 maledicentiam
1459 4708 1570 4768 attinet,
1594 4724 1690 4761 rursus
1711 4723 1825 4779 percon·

534 4792 612 4848 tabor
633 4793 816 4849 lintheramnn
839 4811 944 4855 meum,
974 4812 1006 4849 an
1036 4795 1160 4867 expediat
1182 4794 1292 4849 Lutheri
1315 4794 1465 4849 doctrinam
1489 4809 1568 4865 quarn
1592 4792 1705 4846 maxime
1727 4809 1825 4865 propa·

601 4971 661 5016 17η·
675 4972 717 5021 Cf.
733 4968 831 5038 evang.
845 4990 902 5023 see.
915 4974 1016 5033 Mutth,
1031 4975 1120 5023 XXII.
1137 4973 1175 5022 15.
1191 5009 1228 5035 „..
1243 4975 1369 5023 circuitis
1387 4989 1462 5023 mare
1482 4979 1511 5022 et
1529 4973 1648 5034 aridam,
1667 4976 1698 5021 ut
1711 4972 1824 5021 faciatis

530 5069 613 5103 riuum
632 5056 835 5118 proselytum‚.''
887 5055 909 5088 ⁴³
927 5054 1034 5121 loona]
1055 5072 1154 5122 evang.
1168 5059 1189 5106 1.
1203 5055 1244 5106 20.
1259 5059 1311 5107 111.
1324 5058 1366 5106 28.
1430 5100 1440 5115 ,
