4367 6084
502 709 700 761 cccxxxnl.
721 724 842 761 croscus
855 723 959 760 cassus
972 723 1117 761 cartasve
1129 722 1304 759 asesaosnss
1318 721 1451 759 avaram.
1551 685 1625 757 303

328 878 404 942 tal?
437 883 511 956 quid
531 882 581 942 laic
601 884 803 941 calumniatur
818 877 987 941 Halteras?
1008 881 1152 940 admoneo
1173 883 1290 954 qualem
1311 884 1446 954 opmtcat
1464 895 1527 961 esse
1544 894 1626 953 pen-

328 987 435 1056 titicem
456 991 485 1042 et
506 991 650 1058 quatenns
668 986 714 1042 illi
733 982 899 1070 fouendum
920 986 967 1043 sil.
1012 983 1083 1042 ‘Sed
1108 984 1184 1042 dreis
1205 982 1260 1041 laec
1277 978 1428 1055 staurate’.
1474 980 1553 1051 Ouid
1571 998 1625 1040 re-
1680 988 1685 1003 '

326 1085 393 1158 sert
413 1088 441 1144 si
460 1102 509 1144 res
530 1092 559 1144 ct
579 1092 692 1160 tempas
710 1087 842 1158 fiparam
859 1081 1010 1159 postulet?
1041 1084 1099 1144 aar·
1125 1100 1194 1143 aera
1214 1085 1310 1143 scribo
1331 1099 1377 1142 me
1395 1098 1506 1142 sanare
1526 1099 1693 1157 possesnss.

329 1188 387 1247 aas
404 1183 596 1246 discordias?
619 1190 747 1262 optarim
763 1204 869 1262 posse,·
890 1187 999 1261 quodsi
1014 1201 1145 1261 possem,
1166 1202 1225 1243 non
1241 1185 1388 1244 durarent
1402 1187 1433 1242 ia
1452 1187 1625 1244 crastinum.

307 1289 393 1349 sSed
413 1288 530 1349 ‘clama'
553 1292 650 1374 inquit
670 1279 717 1349 ‘a'e
739 1305 848 1360 cesses,
876 1290 1032 1348 annuncia
1055 1290 1170 1363 populo
1190 1290 1306 1347 scelera
1326 1287 1448 1345 earum'.
1494 1287 1629 1347 Clamaai

330 1372 454 1450 liberius
474 1407 564 1465 quam
588 1408 654 1450 mea
670 1391 798 1464 sortana
818 1389 951 1462 suebat,
978 1397 1008 1449 et
1027 1393 1091 1449 eius
1111 1395 1156 1448 est
1173 1392 1307 1449 clamare
1325 1389 1356 1446 in
1379 1390 1480 1447 aliena
1498 1395 1626 1463 peccata
1728 1424 1734 1432 ·

309 1494 383 1567 'qni
402 1496 465 1568 ipse
486 1495 624 1552 immanis
644 1496 682 1553 sit
702 1510 722 1552 a
741 1495 889 1568 pcccatis:
908 1508 963 1565 epo
973 1494 1103 1567 parcius
1124 1493 1251 1551 insector
1272 1493 1374 1549 aliena
1390 1497 1532 1564 peccata,
1553 1493 1626 1564 prtia

330 1595 405 1654 mihi
419 1611 534 1669 qaoque
550 1597 685 1654 conscius
704 1610 769 1653 sum
788 1598 944 1654 multorum
967 1594 1174 1653 admissorum.
1220 1593 1332 1652 Clamet
1347 1591 1507 1664 Hattenas,
1530 1594 1693 1658 lcomosnss.

329 1714 439 1771 paras,
462 1699 492 1755 in
516 1713 601 1771 quem
619 1696 694 1755 nihil
713 1699 848 1756 criminis
862 1699 956 1772 possit
971 1698 1080 1769 reperi.
1124 1711 1182 1753 non
1201 1710 1265 1753 sam
1281 1694 1403 1766 Esaias,
1425 1702 1454 1753 et
1473 1695 1523 1754 liic
1542 1695 1626 1753 iube-

304 1805 382 1857 ntur
403 1801 435 1856 in
452 1801 596 1873 populum
617 1801 768 1868 clamarc,·
795 1798 942 1858 Hattcnas
961 1814 1007 1856 me
1029 1798 1107 1856 iubet
1125 1801 1260 1872 clamare
1286 1798 1316 1855 in
1339 1778 1507 1871 principes,
1536 1813 1626 1870 quam

330 1902 472 1975 scriptam
494 1903 533 1959 sit
553 1901 700 1975 ‘Principe'
714 1904 824 1975 papati
841 1904 885 1961 tui
901 1916 959 1959 nort
981 1895 1168 1959 malediccs’:
1194 1901 1299 1970 mapni
1318 1896 1415 1969 refert
1434 1904 1532 1968 ulrum
1554 1899 1627 1957 deas

327 2004 494 2077 praecipiat
514 2002 616 2061 Esaia
637 2018 676 2059 an
699 2003 847 2062 Ilattenus
870 2002 1011 2073 Erasmo,
1034 2003 1142 2060 clarita.
1186 2007 1230 2059 est
1251 2007 1348 2059 autem
1370 2003 1484 2059 clamor
1504 2001 1626 2073 quidam

331 2106 457 2176 inutilis,
479 2106 532 2178 qai
546 2104 622 2162 nilcil
635 2104 722 2162 aliud
742 2121 831 2177 quam
849 2106 989 2163 tumultus
1006 2104 1120 2162 excitat
1138 2107 1167 2160 et
1183 2103 1267 2160 irital
1285 2102 1484 2176 tyrannidem.
1529 2104 1616 2161 Alio-
1627 2113 1695 2163 sess.

331 2209 383 2278 qni
402 2222 440 2264 ne
464 2222 544 2264 nunc
565 2204 683 2278 quidem
703 2222 784 2265 cesso
805 2209 939 2265 clamare
960 2207 991 2264 in
1012 2204 1132 2279 scriptis
1152 2205 1238 2273 meis,
1259 2194 1402 2277 qautenus
1415 2220 1482 2277 spes
1496 2210 1540 2263 est
1550 2219 1627 2278 pro-

304 2320 322 2361 ts
330 2308 454 2379 fidendi
459 2326 470 2376 ‚·
492 2309 589 2366 clamo
607 2309 696 2365 etiam
718 2307 789 2366 dam
810 2308 907 2367 scriba
923 2307 1152 2382 paraphrases:
1176 2305 1251 2377 quid
1265 2307 1343 2364 enim
1361 2313 1406 2364 cst
1423 2307 1511 2364 aliud
1532 2323 1627 2365 eran-

330 2411 405 2481 petii
423 2411 479 2468 lua
500 2423 589 2482 quam
613 2409 791 2482 redarputio
811 2415 982 2469 nostrarum
1002 2404 1215 2468 tenebrarum?
1235 2408 1401 2482 Eapeadat
1419 2408 1475 2467 hoe
1495 2411 1628 2483 quisquis

331 2513 446 2584 inteper
466 2516 523 2583 cst,
550 2496 650 2569 utram
667 2513 738 2585 plus
760 2513 893 2570 utilitatis
911 2501 1059 2584 adseren?
1079 2511 1232 2570 Haltemt'ci
1248 2514 1411 2582 clamares,
1434 2526 1474 2568 aa
1496 2527 1562 2570 ntea
1580 2514 1626 2570 si-

320 2615 432 2686 lentia.
480 2611 538 2685 Ubi
558 2627 626 2671 aero
651 2612 738 2685 defui
757 2613 930 2687 reipublicae
952 2614 1143 2685 Christianae,
1170 2615 1198 2672 si
1217 2615 1301 2672 licuit
1318 2607 1483 2686 prodesse?
1515 2623 1695 2686 quan-§.rsa

331 2730 421 2787 queem
435 2715 592 2787 principes
613 2729 668 2773 nec
688 2729 707 2771 a
727 2717 829 2788 quovis
847 2714 1004 2788 obiurpari
1022 2718 1180 2775 sustinent:
1200 2732 1270 2774 nam
1288 2713 1323 2772 id
1339 2716 1543 2790 episcoporum
1557 2734 1627 2776 ma-

304 2831 390 2874 nans
411 2821 472 2883 εεῐ,Ι
494 2824 582 2890 atque
603 2815 637 2874 id
651 2818 786 2874 corinna
806 2819 884 2874 clam
899 2819 970 2888 fieri
985 2819 1084 2891 polias
1104 2832 1193 2891 quam
1209 2817 1293 2892 apud
1302 2820 1456 2890 papulam.
1502 2819 1561 2877 ⁴‹tnt
1579 2824 1631 2882 cui

333 2933 418 2975 sumo
439 2917 493 2975 iras
514 2918 631 2976 laamas
652 2926 769 2992 prater
796 2921 892 2978 aetatis
920 2936 957 2977 ac
978 2919 1156 2978 ualetudinis
1176 2914 1343 2978 rationem?
1373 2918 1417 2977 ‘Si
1436 2921 1618 2995 componere'
1630 2930 1697 2981 taos.

332 3020 430 3092 inquit
463 3017 572 3077 ‘stades
602 3021 679 3077 inter
705 3025 811 3093 partes
839 3022 1046 3093 concordiam,
1076 3038 1155 3094 quar
1187 3023 1313 3079 alteram
1338 3028 1459 3093 partem
1491 3027 1631 3083 atrociter

330 3115 521 3194 impupnas?
544 3121 608 3180 Ima
631 3123 692 3180 alio
710 3123 775 3180 loco
794 3122 872 3180 discit
890 3121 1029 3193 Mecium,
1055 3129 1084 3180 et
1104 3139 1184 3181 nurse
1206 3125 1249 3180 ait
1269 3137 1315 3179 me
1336 3123 1400 3180 totis
1421 3125 1633 3198 viriliusserri

332 3226 364 3281 in
393 3225 521 3282 alteram
544 3231 676 3298 partem.
724 3222 782 3281 Uli
804 3237 874 3282 aero
893 3226 1047 3283 commissa
1074 3231 1118 3282 cst
1137 3224 1204 3283 lioee
1221 3217 1350 3298 pupna?
1377 3228 1491 3281 tantam
1510 3227 1540 3283 ia
1562 3229 1630 3301 cpi—

304 3327 413 3384 »estole
438 3326 492 3383 ad
506 3324 673 3384 laurinum
702 3325 848 3389 aduersas
870 3326 1014 3398 quosdam
1039 3340 1168 3384 morosos
1192 3325 1267 3384 mili
1291 3326 1337 3381 ins
1368 3325 1497 3395 vindico,
1530 3328 1558 3383 si
1581 3344 1630 3384 res

330 3429 375 3485 ita
399 3429 541 3500 postulet,
570 3409 670 3485 sacrae
696 3429 856 3501 scriptura
880 3429 1049 3486 testimoniis
1072 3443 1111 3486 ac
1137 3427 1239 3486 solidis
1266 3424 1431 3485 rationibus
1456 3428 1534 3485 citra
1554 3443 1629 3486 con-

330 3530 402 3586 cilia
431 3528 647 3600 canprcdiendi
668 3545 735 3587 cam
756 3528 895 3588 luthera.
940 3528 980 3587 Et
1007 3530 1142 3601 assuitur
1163 3527 1240 3585 illud
1257 3527 1415 3597 Halteras,
1442 3528 1523 3600 quod
1542 3541 1698 3591 con-§ass

329 3631 408 3688 uitiis
436 3636 465 3688 et
490 3631 670 3689 clamoribus
698 3631 850 3690 duntaxat
876 3636 987 3705 apator
1014 3647 1081 3689 curn
1102 3630 1241 3689 luthero.
1287 3628 1370 3699 Ouar
1391 3631 1483 3702 ipimr
1507 3633 1552 3689 sic
1572 3621 1630 3690 de'-

329 3732 498 3790 lracclratar
528 3734 559 3791 in
585 3748 652 3791 cam
681 3735 734 3806 qai
754 3735 916 3807 pollicetar
945 3750 990 3806 sc,
1021 3736 1049 3791 si
1077 3733 1223 3805 conprcdi
1246 3732 1315 3789 uelit
1337 3747 1404 3789 cam
1433 3732 1577 3805 Lutlrcro,
1609 3750 1629 3792 a

304 3835 511 3895 aclamorilas
536 3843 565 3892 et
589 3836 722 3893 cannitiis
749 3842 995 3909 temperaturum,
1024 3851 1062 3894 ac
1086 3835 1191 3894 sedata
1219 3835 1375 3893 collatione
1397 3839 1509 3913 arritum
1531 3852 1630 3895 sacrae

329 3938 492 4009 scripturae
512 3937 683 3996 testimoniis
703 3945 731 3995 et
752 3937 916 3996 rationibus
938 3939 1016 3997 acris
1036 3932 1198 3996 actraum?
1229 3935 1306 3995 nillil
1322 3939 1409 3995 enim
1439 3939 1526 3996 aliud
1552 3954 1629 4012 pro-
1728 3994 1733 4005 ,

330 4039 411 4108 misi,
435 4043 466 4095 el
486 4043 583 4095 tamea
606 4034 661 4097 laoc
683 4041 725 4097 ita
744 4042 881 4112 promisi,
904 4045 937 4097 ut
958 4041 1031 4098 satis
1052 4039 1235 4098 ostenderem
1257 4054 1303 4098 me
1322 4054 1380 4097 nore
1397 4037 1554 4110 facturrcm
1573 4043 1632 4099 nisi

329 4146 447 4197 ostensa
464 4156 518 4213 spc
537 4140 723 4214 proficiendi.
767 4142 845 4199 nam
866 4142 947 4214 quod
965 4143 996 4199 in
1012 4139 1137 4200 Lutlseri
1156 4123 1277 4214 scriptis
1298 4140 1425 4212 offendit
1445 4157 1490 4201 me
1512 4145 1618 4202 immo-
1630 4157 1698 4207 §.nn

331 4240 401 4298 dica
422 4242 632 4301 maledicentia
654 4252 683 4301 et
703 4245 889 4316 arropantiee
910 4246 1037 4317 species,
1065 4244 1177 4301 eadem
1200 4258 1249 4301 res
1270 4241 1428 4313 offendunt
1453 4247 1541 4302 etiam
1567 4244 1632 4304 illos

304 4343 386 4415 naui
409 4342 539 4401 Lutliero
572 4351 642 4403 sura
672 4347 856 4404 iuratissimi.
901 4361 956 4404 nec
987 4345 1021 4403 id
1052 4344 1238 4402 dissimulari
1262 4343 1390 4402 Coloniae
1423 4346 1509 4418 apud
1535 4348 1631 4418 ipsum

331 4441 477 4503 Sacranae
508 4445 612 4504 ducem
636 4447 828 4518 Federicnm,
861 4446 1001 4504 audiente
1031 4446 1155 4516 Georpia
1177 4444 1348 4518 Spalatina,
1381 4460 1470 4516 quum
1501 4447 1630 4504 nondum

331 4547 442 4603 exr'ssct
462 4546 548 4618 apud
569 4564 622 4607 aas
638 4548 800 4622 duplicitas
815 4546 1010 4622 Babylonica.
1045 4561 1219 4620 responsam
1240 4555 1284 4603 est
1304 4561 1370 4618 eum
1391 4548 1423 4603 ia
1445 4548 1632 4604 coercionibus

333 4662 371 4705 ac
389 4646 630 4721 praelectionibus
652 4667 715 4709 esse
736 4651 1020 4708 mansuetissimum:
1051 4649 1173 4719 parisus
1199 4656 1315 4705 sumet
1340 4647 1481 4720 laudari,
1514 4647 1632 4705 addens

398 4879 487 4949 ³Ubi]
502 4885 703 4950 ef.Exposl.§.
720 4883 776 4934 183.
825 4856 1160 4948 ·³inq.]Exp0'st.§.184.
1212 4879 1438 4946 ”Esainxaa
1487 4881 1506 4915 ¹¹
1521 4881 1628 4949 script]

332 4969 417 5018 Exod.
431 4969 519 5018 XXII.
533 4967 575 5018 28.
623 4969 645 5001 ²²
663 4966 763 5034 inquit]
782 4968 831 5017 sod
851 4967 914 5017 aliia
933 4967 1026 5017 vorbis
1039 4968 1152 5031 Expost.
1166 4967 1190 5027 §-
1203 4964 1262 5016 232.
1310 4965 1332 4999 ²³
1351 4968 1407 5018 alio
1425 4965 1497 5033 loeo]
1518 4969 1631 5033 Expost.

331 5056 354 5114 ξ.
368 5053 427 5106 210.
486 5053 579 5086 ἨΘΜ
597 5056 706 5123 οοιιιιὶο.7
723 5057 780 5103 M.
