4367 6084
496 702 696 754 cccxxxnl.
718 721 839 756 seouosa
851 721 955 756 antuus
969 722 1113 758 tuvauovs
1126 723 1301 759 tsuuuomus
1314 724 1447 760 uvarum.
1550 694 1620 765 301
1633 783 1639 794 ι

322 872 405 930 unde
421 872 540 945 soletur
558 882 588 933 et
608 875 756 936 IIultenus
771 876 906 949 fructum
928 895 987 937 non
1007 879 1185 938 mediocrem
1202 881 1359 954 proficisci
1380 879 1425 937 ud
1443 896 1532 953 uuam
1547 884 1586 955 pl
1606 914 1626 925 -

322 976 432 1043 rimos:
455 976 535 1035 bunc
554 977 690 1049 fructum
712 995 778 1037 meu
801 983 962 1039 temeritate
977 982 1078 1046 nolim,
1085 983 1204 1054 perire‚'
1227 998 1283 1039 nec
1299 982 1422 1039 enimin
1441 982 1626 1041 aliudseroo

325 1092 386 1145 me,
409 1079 470 1136 nisi
489 1085 522 1137 ut
539 1083 661 1153 prosim.
707 1080 884 1155 Exprobrat
903 1085 1005 1154 etiam,
1033 1082 1114 1156 quod
1139 1098 1186 1141 me
1206 1080 1280 1141 mibi
1297 1082 1406 1141 laudat
1424 1082 1565 1157 pontefex
1585 1090 1694 1143 ottus.

324 1179 496 1239 cardinalis
516 1179 707 1242 Sedunensis.
753 1181 891 1242 ‘Laudat
920 1186 1015 1257 inquit
1043 1189 1079 1242 ‘te
1100 1182 1171 1242 tibi.
1216 1174 1305 1256 quasi
1322 1183 1396 1241 mibi
1416 1185 1484 1242 uitio
1506 1192 1624 1244 uerten-
1725 1200 1759 1219 ’·

305 1281 398 1341 edum
419 1283 458 1339 sit
480 1297 500 1338 a
519 1283 626 1342 talibus
642 1285 781 1356 laudari,
807 1300 979 1358 quanquam
1004 1300 1059 1357 epo
1085 1286 1288 1344 laudationem
1315 1287 1495 1359 interpretor
1516 1287 1624 1350 admo·
1654 1345 1662 1361 ,

327 1384 476 1440 nitionem.
522 1386 634 1443 scilicet
655 1389 756 1460 potius
784 1392 852 1445 erat
873 1386 1073 1459 ambiendum,
1102 1393 1135 1445 at
1154 1387 1301 1446 laudarer
1326 1387 1521 1450 ab'Hutteno.
1566 1389 1613 1446 Au
1626 1388 1693 1438 ⁹²³⁹·

328 1501 398 1542 uero
418 1485 499 1543 istud
513 1486 719 1560 prodipiosum
740 1494 796 1560 est,
819 1495 850 1546 ut
870 1488 1027 1546 laudemus
1044 1504 1111 1546 eam
1126 1488 1170 1546 ad
1183 1505 1269 1562 quem
1283 1485 1460 1548 scribimus?
1482 1506 1521 1547 an
1541 1491 1626 1548 Pau·
1723 1553 1728 1561 ,

327 1588 374 1645 lus
395 1602 455 1644 non
477 1588 586 1646 laudat
605 1587 756 1649 Romanos
777 1591 881 1663 quibus
902 1585 1026 1648 scribit?
1056 1587 1220 1649 ‘Erasmus'
1244 1592 1339 1663 inquit
1361 1589 1504 1648 ‘Romano
1520 1594 1626 1664 ponti·

325 1690 379 1760 lici
396 1705 427 1747 se
450 1687 584 1750 dedidit'.
629 1687 724 1764 quid?
750 1708 790 1749 an
813 1708 943 1766 unquam
961 1690 1025 1763 suit
1046 1693 1123 1750 inter
1144 1708 1197 1751 nos
1217 1692 1339 1764 belluim,
1363 1699 1395 1750 ut
1412 1691 1521 1750 deditio
1538 1691 1627 1764 [cteta

309 1785 389 1852 usit?
413 1807 454 1848 an
480 1806 538 1848 non
567 1808 652 1865 aquic
680 1793 797 1851 deditus
824 1809 908 1851 eram
930 1792 1035 1864 Laura,
1063 1809 1122 1851 non
1151 1775 1310 1853 admodum
1332 1794 1456 1852 laudato
1471 1790 1628 1868 pontifici?

330 1891 501 1951 ‘Polliceris'
523 1895 620 1966 inquit
640 1899 676 1953 ‘te
696 1910 755 1953 non
771 1894 944 1967 defuturum
964 1895 1104 1967 dianilati
1123 1896 1202 1954 sedis
1217 1893 1382 1954 Romanee'.
1434 1895 1540 1955 Verum
1561 1896 1696 1957 boetem.

328 1985 388 2051 iltis
410 1994 519 2067 scribo,
542 1995 629 2069 opud
648 2012 721 2069 quos
743 1999 859 2056 delatus
879 2013 963 2055 marn
979 2014 1045 2056 cum
1058 1997 1189 2068 Lutbero
1206 2000 1394 2071 conspirasse
1419 1998 1563 2056 aduersus
1577 2015 1627 2057 se-

329 2095 396 2154 dem
419 2095 593 2155 Romanam.
639 2114 679 2156 an
703 2099 769 2157 ideo
787 2101 930 2173 polliceor
951 2114 997 2157 me
1015 2105 1179 2173 patronum
1201 2086 1584 2173 tyrannidis,'rapacitalis
1601 2106 1630 2158 et

329 2199 458 2256 oliorum
486 2201 631 2257 mulorum
659 2216 728 2273 quea
754 2200 900 2259 Huttenus
926 2201 1024 2260 obiicit
1051 2196 1309 2260 Romanensibus?
1343 2202 1401 2259 imo
1426 2217 1483 2260 non
1511 2217 1571 2260 uno
1596 2204 1627 2261 in

307 2302 393 2366 5loco
422 2302 603 2375 interpretor
629 2301 708 2360 sedis
735 2304 817 2361 illius
839 2319 876 2360 ae
895 2305 1044 2376 pontificis
1069 2303 1242 2375 dianitatem
1263 2305 1350 2360 sitam
1372 2319 1434 2361 esse
1456 2305 1486 2360 in
1510 2305 1629 2362 uirtuti-

328 2403 382 2460 bus
398 2404 585 2478 apostolicis:
604 2403 673 2462 buic
688 2404 827 2477 dipnitati
840 2405 984 2478 polliceor
1004 2420 1050 2462 me
1069 2419 1128 2462 non
1144 2403 1328 2475 defuturum.
1374 2404 1424 2461 Ad
1440 2404 1615 2464 subuerten-
1628 2416 1696 2467 §.nu

329 2504 400 2562 dum
424 2507 623 2578 euonoelium,
646 2513 679 2564 ut
699 2508 743 2564 ait
761 2505 921 2580 Hultenus,
944 2522 1002 2565 non
1017 2507 1150 2565 arbitror
1163 2521 1330 2579 quenquam
1345 2508 1523 2581 pontificem,
1546 2507 1628 2566 dun-

327 2613 417 2665 taxat
437 2606 531 2677 bunc,
554 2608 782 2680 imploraturum
800 2623 923 2682 operam
944 2615 1090 2680 nostram,
1110 2614 1139 2667 et
1157 2610 1185 2666 si
1197 2610 1344 2681 exiperet,
1367 2624 1425 2667 non
1435 2616 1626 2682 proestarem.

329 2708 391 2767 Nee
407 2710 580 2781 cuiusquam
596 2711 748 2784 principis
766 2713 811 2768 oet
832 2718 924 2769 metus
944 2714 990 2769 uel
1007 2714 1111 2784 pratia
1132 2716 1242 2768 tantum
1266 2711 1351 2785 apud
1369 2726 1415 2769 me
1433 2711 1540 2770 valebit
1557 2728 1617 2781 uu·
1629 2720 1698 2771 §.nn

305 2826 436 2884 uquam,
460 2818 492 2868 ut
511 2812 607 2871 sciens
630 2812 773 2870 aduerser
793 2815 973 2886 eaonpclicoe
992 2814 1110 2871 ueritati
1130 2819 1184 2871 aut
1201 2814 1310 2885 plorate
1325 2812 1442 2872 Christi.
1486 2818 1515 2871 et
1532 2819 1629 2871 tamen

329 2919 375 2971 est
395 2913 522 2971 alicuius
544 2915 650 2987 opinor
665 2915 840 2987 prudentiae
861 2916 906 2973 sic
926 2917 1009 2973 alere
1027 2916 1200 2988 principum
1220 2914 1372 2986 fauorem,
1402 2921 1434 2973 ut
1460 2930 1518 2972 non
1540 2915 1629 2973 dese-

329 3031 384 3073 ras
404 3007 605 3088 euau'pelieam
626 3018 794 3085 ueritatem·
820 3024 849 3075 el
875 3019 936 3075 utri
956 3019 1065 3076 rectius
1086 3018 1289 3076 consuluerint
1307 3018 1477 3089 eoanpelr'co
1498 3020 1627 3090 necocia,

330 3133 433 3176 rerum
453 3118 551 3175 exitus
571 3118 779 3193 comprobabit.
824 3117 886 3177 Sed
903 3120 1020 3177 interim
1040 3118 1155 3190 obliquo
1177 3117 1254 3175 dicto
1272 3116 1364 3189 sallo,
1383 3118 1464 3191 quod
1481 3120 1618 3192 plerique
1629 3130 1697 3180 §.uu

329 3222 374 3277 sic
395 3220 639 3292 interpretentur,
663 3235 708 3278 me
729 3220 948 3280 uindicaturum
969 3221 1069 3279 curioe·
1084 3218 1230 3277 Romanae
1252 3221 1298 3277 ius
1319 3219 1499 3283 exercenda
1520 3226 1630 3293 tyran-

305 3321 427 3393 ›snidis,
450 3322 592 3395 rapiendi
598 3368 604 3394 ‚
633 3323 829 3395 cauponundi
847 3338 936 3380 sacro
956 3323 1074 3396 pariter
1096 3337 1134 3379 ac
1150 3320 1299 3394 profana.
1343 3324 1373 3378 in
1397 3321 1567 3380 discrimine
1587 3324 1628 3380 li-

330 3431 378 3483 cet
397 3423 534 3496 ambipuo
562 3422 693 3494 fallere:
720 3424 821 3482 Dauid
845 3424 935 3481 eliam
960 3422 1098 3494 furorem
1127 3420 1348 3481 simulauit:'et
1374 3428 1472 3481 tamen
1501 3439 1538 3481 nc
1564 3424 1629 3497 quis

328 3525 405 3598 salli
413 3526 521 3599 possit,
544 3527 736 3599 interpretor,
751 3524 849 3585 scribo
864 3529 918 3583 ‘me
933 3541 991 3585 non
1008 3524 1182 3597 defuturum
1197 3525 1263 3583 sedi
1277 3524 1436 3596 Romanae,
1459 3526 1486 3583 si
1499 3527 1552 3582 illa
1569 3541 1628 3600 non

332 3629 409 3686 desit
420 3629 527 3699 plorioe
543 3625 678 3696 Cbristi'‚·
702 3632 756 3686 ‘me
774 3629 820 3685 illi
836 3643 895 3701 pro
915 3628 996 3686 uirili
1015 3626 1207 3698 adfuturum,
1228 3629 1256 3685 si
1271 3629 1324 3686 illa
1342 3628 1476 3701 syncms
1497 3628 1627 3685 rationi-

331 3730 385 3788 bus
401 3729 566 3803 proueltere
585 3730 698 3787 nitatur
713 3745 777 3787 rem
792 3726 1012 3802 eoanpelicam’.
1056 3728 1236 3788 Huiusmodi
1251 3745 1341 3804 quum
1362 3730 1460 3787 mullis
1480 3730 1552 3786 locis
1567 3729 1616 3786 in·
1630 3739 1697 3790 tna.

305 3834 458 3904 inculcem,
480 3838 578 3890 tumea
601 3831 768 3890 dissimulat
789 3816 951 3899 Huttenus,·
975 3837 1088 3890 tantum
1111 3838 1233 3891 emeatus
1250 3839 1294 3891 est
1311 3835 1377 3891 loca
1400 3831 1538 3905 quadam
1562 3845 1629 3903 aaa

332 3935 522 4008 depravaret.
565 3949 738 4007 quanquam
766 3936 862 4007 mapis
892 3935 1027 4008 suspicor
1049 3934 1198 3993 delatores
1219 3935 1368 3994 indicasse
1387 3937 1453 3993 loca
1474 3932 1629 4007 quadam·
1728 3933 1733 3940 ‘

331 4052 387 4094 nee
404 4037 482 4093 enim
504 4036 641 4094 adducor
661 4043 694 4092 ut
714 4036 835 4094 credam
859 4036 984 4096 llutteno
1006 4039 1036 4095 in
1063 4040 1153 4096 tantis
1179 4039 1322 4110 nemetis,
1352 4052 1419 4110 qua
1442 4036 1522 4095 domi
1540 4024 1628 4094 belli-

331 4140 496 4212 caeperit,
518 4154 580 4196 esse
601 4140 697 4197 ocium
717 4125 821 4197 ¹nostra
842 4140 971 4213 lependi.
992 4174 993 4178 =
1016 4138 1077 4197 Sed
1094 4139 1308 4200 intolerabilius
1328 4147 1385 4211 est,
1407 4138 1488 4212 quod
1508 4138 1620 4197 alicubi
1629 4149 1698 4200 tus.

331 4240 440 4313 scripsi
461 4238 609 4299 Neminem
626 4243 713 4315 pium
735 4256 793 4298 non
818 4240 926 4312 fauere
944 4243 1082 4314 pontifici
1098 4240 1243 4300 Romano.
1288 4240 1346 4300 Hie
1371 4256 1430 4299 nan
1458 4241 1536 4298 radet
1553 4239 1630 4299 illud

400 4441 407 4474 ¹
429 4444 465 4492 cf.
480 4442 804 4508 Expoot.§§.7l.219.sq.
841 4441 851 4473 ³
863 4440 1007 4507 Exprobr.]
1022 4444 1091 4491 Haec
1104 4457 1158 4491 non
1172 4444 1342 4492 conveniunt
1355 4443 1468 4507 Expost.
1481 4438 1627 4503 §§.39.sq.‚

331 4536 361 4579 ut
378 4529 524 4594 publicata
544 4534 595 4578 est.
626 4529 681 4578 nisi
700 4528 735 4577 ad
753 4528 885 4593 scriptum
905 4527 1056 4592 exemplum
1075 4532 1123 4575 aut
1142 4526 1177 4574 ud
1196 4525 1341 4591 epistolum
1360 4526 1441 4574 hodie
1460 4540 1515 4573 non
1534 4531 1629 4573 extan-

330 4621 386 4664 tem
407 4613 454 4679 [cs.
469 4614 543 4663 infra
556 4615 579 4674 ξ.
594 4611 662 4678 oto]
683 4614 805 4678 respexit
820 4614 962 4673 Erasmus,
983 4613 1135 4661 somniatus
1155 4614 1205 4659 est.
1264 4610 1274 4641 θ
1293 4606 1392 4674 inquit]
1405 4610 1517 4672 Expost.
1531 4610 1554 4668 ξ.
1571 4608 1627 4657 lto.

331 4700 349 4732 ¹¹
370 4697 469 4764 inquit]
491 4698 771 4764 cf.sExpost.§.158.
821 4697 841 4728 ¹⁸
859 4698 899 4746 Ad
919 4698 995 4745 subs.
1017 4693 1069 4759 ou]
1090 4694 1364 4757 cf.Expost.§.148.
1413 4691 1464 4724 ¹²⁴⁸
1481 4691 1627 4758 duntaxat]

331 4787 424 4835 Latine
443 4786 575 4834 dicendum
593 4791 651 4834 erat
669 4789 712 4832 aut
730 4788 832 4848 praetor
850 4767 935 4841 huno,
960 4784 984 4830 si
1000 4782 1109 4836 ironice,
1129 4784 1173 4826 aut
1190 4778 1289 4827 nodum
1307 4786 1359 4827 stae
1379 4782 1454 4827 certe
1473 4792 1527 4827 non
1545 4777 1626 4837 huuc,

329 4875 353 4920 oi
368 4875 517 4935 sinpliciter
534 4871 675 4935 uepandum
697 4874 754 4917 erat
773 4868 933 4916 Hadrianum
949 4864 998 4914 VI.
1017 4863 1202 4913 salbum-sionem
1224 4866 1348 4927 euangelii
1370 4866 1486 4912 uoluisse.
1551 4861 1571 4892 ¹⁹
1590 4864 1628 4911 ef.

330 4957 443 5022 Expost.
458 4957 497 5016 ἓξ.
511 4955 553 5004 45.
566 4953 625 5004 206.
639 4970 697 5017 sqq.
751 4950 773 4983 ²⁰
791 4947 892 5014 David]
907 4950 928 4999 1.
943 4949 1062 4999 Samuel.
1076 4949 1152 4999 xxi.
1168 4946 1207 4998 13.
1220 4964 1279 5013 sqq.
1332 4945 1351 4978 ³¹
1373 4944 1485 5012 quanq.]
1506 4947 1627 4996 Cavilla-

330 5048 387 5106 tur‚
408 5045 438 5091 ut
458 5056 519 5092 cum
537 5042 662 5090 Huttouo
681 5035 908 5111 Eppeudoritium
927 5036 1012 5086 etiam
1032 5034 1212 5086 contaminet.
1264 5031 1287 5065 ⁸³
1306 5034 1343 5084 cs.
1362 5031 1588 5099 Expost.§.160.
