4367 6084
520 710 592 785 348
630 725 844 779 cccxxxtut.
864 743 1053 779 nnvuursnsrr
1068 742 1121 778 rao
1135 742 1264 780 nvrrsso
1278 744 1314 780 an
1327 744 1430 780 sessui
1446 713 1587 780 sensoria
1603 744 1771 779 assensero.

483 966 487 973 ,
518 904 635 978 sumpsi,
658 912 686 959 et
707 903 759 959 diei
783 921 837 959 non
860 911 951 978 potest
975 912 1137 980 quamqtotn
1160 913 1271 978 pectore
1293 905 1362 977 coepi
1385 904 1548 960 stomachari
1572 904 1637 966 tibi,
1662 905 1735 977 quod
1762 913 1816 959 tarn

517 989 616 1061 frigide
638 989 671 1044 tle
694 989 837 1062 scripturis
860 989 996 1045 sentiebas
1019 997 1046 1044 et
1070 989 1096 1044 iu
1118 988 1333 1045 atlrcrsariurum
1349 998 1437 1044 castra
1453 990 1630 1062 malagenam
1654 1006 1743 1062 neque
1760 1007 1816 1044 arn·

516 1073 589 1146 plius
612 1091 722 1130 neeesse
746 1074 796 1129 luit
819 1073 852 1127 ab
874 1074 967 1130 atuieis
988 1073 1076 1129 calcar
1099 1074 1220 1147 impungi
1236 1073 1316 1134 mibi,
1339 1074 1386 1128 sed
1402 1073 1475 1129 zelus
1491 1090 1533 1128 me
1549 1074 1713 1146 exagitabat.
1748 1075 1814 1128 Per·

517 1159 617 1214 suadeo
639 1159 703 1213 raribi
726 1166 809 1231 atque
831 1158 952 1214 mibirnet
975 1159 1092 1214 animum
1115 1158 1211 1214 ltaurio
1234 1165 1372 1213 uou‘esse
1388 1159 1534 1214 timendum
1550 1157 1648 1213 bonam
1664 1166 1692 1212 et
1708 1176 1814 1231 :erptiam

516 1260 638 1298 salissam
662 1242 785 1304 babenti:
816 1260 869 1297 uon
898 1261 958 1299 esse
981 1243 1132 1299 babendum
1156 1260 1280 1316 personae
1303 1253 1472 1315 respectum,
1502 1242 1547 1297 ubi
1579 1260 1634 1298 nou
1658 1243 1710 1298 iam
1734 1243 1835 1297 amicis

518 1335 620 1382 tautum
644 1327 822 1388 laederentur,
851 1329 897 1383 sed
920 1329 1106 1388 etiamdum:
1136 1328 1189 1382 imo
1213 1326 1248 1382 nb
1271 1327 1322 1382 lanc
1345 1345 1399 1382 non
1422 1345 1482 1383 esse
1506 1328 1643 1383 terendam
1666 1328 1746 1405 antici
1772 1328 1811 1381 in·

518 1412 626 1477 iuriam,
650 1414 778 1487 quoniam
800 1413 826 1467 in
849 1412 948 1468 Christi
971 1413 1147 1486 ignominiam
1162 1411 1342 1473 redundabat;
1365 1413 1495 1468 maiorem
1509 1429 1570 1467 esso
1585 1412 1714 1485 pietatem
1731 1430 1813 1484 quam

516 1496 714 1569 eloquentiam,
744 1505 771 1553 ct
798 1497 886 1552 nitere
915 1497 1022 1570 quidem
1051 1497 1122 1570 apud
1147 1496 1269 1551 homiues
1293 1496 1430 1568 phalerata
1454 1496 1547 1557 acrba,
1571 1497 1617 1551 sed
1641 1496 1750 1552 sincere
1776 1505 1814 1550 ta·

517 1598 577 1637 men
600 1582 740 1637 veritatem
762 1582 832 1655 apud
861 1582 922 1655 pios
951 1590 978 1637 et
1001 1581 1183 1642 Christianos:
1212 1580 1325 1635 subinde
1349 1600 1442 1654 parurn
1466 1597 1575 1654 quoque
1598 1599 1658 1636 esse
1681 1581 1812 1635 libris-tia·

517 1674 579 1720 ianm
608 1667 630 1721 si
660 1659 892 1739 blasphemantem
918 1683 972 1721 non
1001 1667 1169 1738 redarguam.
1214 1673 1321 1737 arrepta
1351 1666 1441 1739 itaque
1472 1666 1565 1721 cliarta
1588 1665 1722 1738 subsigno
1747 1681 1844 1736 quaein

516 1750 581 1804 anibi
603 1751 791 1824 displicebant.
835 1751 971 1806 llaetenus
992 1752 1025 1806 de
1047 1768 1142 1806 caussa
1165 1769 1225 1823 quae
1249 1767 1290 1805 aare
1306 1752 1458 1818 commovit
1480 1759 1512 1805 ut
1533 1749 1692 1806 scriberem.

579 1835 654 1892 Nttne
675 1836 736 1891 audi
760 1854 814 1908 qno
836 1835 917 1891 animi
940 1836 1057 1892 candore
1080 1835 1276 1908 responderim.
1323 1836 1429 1891 tametsi
1452 1835 1524 1890 enirn
1546 1852 1597 1908 pro
1620 1834 1739 1891 stultitia
1762 1835 1811 1889 bac

516 1920 676 1981 meruisses,
705 1929 736 1975 nt
764 1919 844 1976 aliter
872 1921 933 1993 quis
963 1928 988 1976 tc
1018 1927 1161 1980 tractaret,
1191 1919 1258 1975 sicui
1288 1920 1377 1975 oratio
1405 1927 1478 1975 esset
1499 1919 1610 1992 eopiosa
1634 1918 1675 1974 rel
1700 1929 1730 1975 nt
1759 1919 1807 1974 tibi

516 2005 663 2077 spongiosa
692 2005 784 2079 potius
812 2013 841 2060 et
869 2005 957 2061 ocium
986 2004 1093 2077 singula
1121 1997 1299 2066 discutiendi,
1329 2005 1365 2059 ita
1389 2011 1477 2059 tamen
1501 2003 1618 2059 animum
1641 2021 1730 2059 meum
1754 2022 1811 2058 ser·

515 2089 571 2145 ravi
595 2098 625 2144 ut
647 2090 680 2145 ab
704 2089 800 2145 invidia
822 2086 1027 2157 etall'eetibus,
1056 2089 1095 2145 sic
1119 2088 1263 2161 temperari
1287 2107 1300 2143 a
1323 2088 1466 2148 conviciis,
1496 2096 1526 2143 ιιι
1555 2086 1622 2142 nibil
1651 2103 1839 2160 regereremu

516 2174 568 2251 uisi
592 2175 664 2247 quod
687 2175 772 2230 ettiris
795 2175 874 2230 etiam
897 2192 989 2230 crasso
1012 2191 1044 2229 en
1067 2174 1186 2246 Spongia
1212 2182 1255 2228 tua
1278 2173 1370 2245 colligi
1387 2180 1493 2246 potest,
1517 2172 1657 2233 oratione,
1683 2181 1713 2227 ut
1729 2172 1809 2232 rides,

515 2258 728 2332 simplicissima,
759 2277 792 2314 na
820 2277 881 2315 cum
909 2258 1031 2315 libellum
1059 2257 1207 2332 suspiceris
1236 2257 1281 2351 qui
1304 2266 1367 2313 ante
1390 2275 1496 2312 menses
1519 2256 1624 2329 aliquot
1647 2265 1759 2330 paratus
1783 2257 1808 2311 in

517 2351 542 2397 te
565 2343 616 2405 sit,
640 2344 678 2399 rel
703 2362 734 2398 ue
759 2344 785 2399 iu
808 2344 876 2400 bane
899 2343 1017 2399 tabulam
1040 2343 1131 2398 trahas
1155 2343 1326 2397 innocentes:
1350 2350 1413 2397 suut
1436 2341 1544 2415 quidem
1568 2341 1611 2396 liic
1634 2342 1680 2414 qui
1697 2350 1809 2414 possent

517 2428 543 2482 iu
567 2435 592 2483 te
615 2427 767 2484 elaboratas
790 2429 929 2484 orationes
952 2428 1088 2488 scribere,
1117 2427 1163 2482 sed
1192 2444 1222 2482 ca
1246 2435 1330 2497 agunt
1353 2444 1414 2499 quas
1436 2426 1522 2498 tnagis
1545 2426 1617 2497 lengi
1642 2434 1707 2481 suut
1730 2443 1808 2498 quarn

516 2521 545 2567 ut
568 2511 725 2586 eloquentia
747 2521 853 2569 certent
874 2521 971 2568 tecum.
1713 2516 1717 2521 '
1814 2525 1837 2562 aa

578 2596 658 2652 Erras
681 2597 765 2669 igitur
786 2597 943 2671 dupliciter,
972 2598 994 2652 si
1019 2596 1054 2652 ob
1076 2596 1220 2669 gloriolam
1242 2596 1388 2653 venandam
1411 2595 1463 2651 boc
1485 2595 1604 2650 muneris
1627 2612 1669 2649 me
1693 2593 1807 2649 subiisse

515 2681 628 2754 posthac
650 2681 850 2737 criminaberis:
875 2682 991 2755 primum
1014 2682 1076 2754 quia
1100 2682 1162 2737 talis
1185 2699 1239 2736 uon
1263 2699 1322 2737 sum
1346 2681 1391 2754 qui
1415 2680 1517 2753 possim
1541 2679 1605 2735 mibi
1628 2679 1662 2734 de
1678 2678 1807 2751 eloquen-

516 2765 553 2820 tia
575 2765 615 2820 vel
638 2765 776 2821 tantillum
798 2766 953 2826 vendicare:
976 2766 1072 2822 deiude
1096 2766 1118 2820 si
1143 2766 1256 2821 inaximo
1278 2765 1438 2825 voluissem,
1463 2764 1536 2837 quod
1559 2773 1694 2837 poteram,
1721 2773 1806 2819 ιιιιιιιιι

515 2849 568 2904 alio
591 2858 761 2922 argumento.
806 2849 908 2923 alioqui
931 2868 993 2923 quae
1015 2869 1057 2906 me
1079 2851 1196 2922 agitaret
1218 2850 1321 2906 insania
1345 2850 1371 2904 iu
1394 2867 1555 2922 quemqnam
1578 2847 1698 2927 gladium
1727 2847 1807 2903 strin-

514 2951 579 3004 gere
602 2935 702 3007 quide
726 2952 768 2990 tue
789 2952 845 2990 nnn
868 2935 965 2991 luisset
987 2944 1049 2990 ante
1072 2935 1186 2998 meritus
1210 2934 1292 2996 male,
1316 2944 1343 2990 et
1365 2933 1478 2990 alterins
1501 2933 1609 2988 infamia
1626 2933 1725 2988 laruam
1742 2931 1834 2988 inibis·

515 3035 611 3090 parare
633 3019 830 3075 immortalem‘t
854 3037 908 3075 iton
931 3038 990 3075 sum
1015 3028 1069 3075 tatii
1091 3037 1185 3075 excors
1208 3028 1235 3075 et
1258 3020 1316 3074 siue
1339 3019 1454 3080 iudicio,
1478 3027 1509 3073 ut
1530 3017 1649 3073 nesciam
1672 3035 1753 3090 qnam
1768 3016 1806 3071 ni·

514 3102 553 3156 bil
575 3111 639 3158 suut
662 3104 699 3159 bii
723 3105 803 3183 lntrpi,
834 3122 913 3177 aquam
937 3105 992 3160 sint
1015 3105 1134 3160 onmium
1157 3104 1311 3160 stultissimi
1336 3103 1381 3176 qni
1404 3104 1437 3158 ad
1460 3103 1511 3159 linc
1534 3110 1637 3157 tantum
1661 3103 1760 3157 sudant
1781 3109 1806 3155 et

515 3187 549 3242 ob
572 3188 624 3244 boc
646 3188 795 3244 coniiciunt
818 3189 845 3244 in
867 3189 1022 3245 ‹liserimiua
1044 3207 1088 3248 se,
1113 3198 1143 3244 ut
1165 3189 1328 3262 conquirant
1350 3189 1459 3243 notariua
1482 3196 1510 3242 et
1531 3188 1628 3242 lautam
1652 3187 1719 3248 sibi,
1748 3204 1805 3260 quan
1877 3185 1882 3196 '

514 3272 595 3328 etiam
617 3281 694 3346 parta
718 3283 770 3329 tam
793 3274 908 3348 disperit
930 3274 995 3328 cito.
1040 3283 1067 3330 et
1097 3292 1149 3345 ego
1178 3274 1205 3327 iu
1233 3272 1328 3347 prinus
1356 3272 1535 3328 stultissimus
1563 3288 1651 3327 essem
1680 3271 1728 3344 qui
1757 3288 1804 3345 pro

513 3356 600 3429 gloria
623 3376 787 3415 accerserem
811 3358 1006 3432 pmuititdiuem
1029 3368 1055 3413 ct
1079 3358 1214 3414 infamiam
1238 3357 1316 3417 milri,
1341 3357 1363 3410 si
1386 3356 1467 3412 inodo
1490 3356 1598 3411 iulamia
1620 3364 1665 3410 est
1686 3372 1738 3429 pro
1761 3355 1857 3409 ‹te-nv

515 3442 636 3497 leitsioue
660 3444 781 3500 veritatis
804 3442 872 3499 male
895 3443 1001 3499 audire:
1029 3451 1121 3498 certus
1145 3443 1215 3497 enim
1239 3460 1310 3502 statu,
1342 3442 1366 3496 iil
1395 3440 1541 3514 aliquando
1572 3439 1654 3494 lanies
1683 3440 1757 3513 quod
1779 3440 1803 3493 iu

512 3525 585 3581 ealce
613 3527 738 3600 epistola
767 3537 821 3584 tuae
850 3528 982 3601 spondes,
1018 3527 1155 3587 videlicet,
1189 3527 1211 3580 si
1241 3525 1391 3599 prodiderit
1418 3543 1478 3580 sese
1505 3526 1539 3580 de
1567 3542 1621 3597 quo
1650 3524 1804 3598 suspicaris,

513 3611 585 3683 quod
608 3613 709 3668 sentiet
731 3631 810 3685 quam
833 3630 888 3668 iron
912 3621 969 3668 toto
993 3620 1104 3685 pectore
1127 3611 1218 3680 oderis
1241 3611 1400 3670 bullenum:
1424 3627 1584 3682 quamquam
1609 3609 1637 3663 in
1653 3626 1734 3681 quem
1751 3609 1805 3663 haee

512 3695 583 3751 dieta
606 3695 662 3751 siut
682 3697 753 3752 band
776 3697 842 3752 satis
865 3697 955 3763 sciam.
999 3695 1046 3752 Est
1068 3695 1159 3769 itaque
1175 3695 1247 3750 aliud
1264 3695 1336 3769 rqttod
1352 3694 1474 3750 ntorebat
1490 3694 1523 3749 ad
1538 3693 1712 3749 scribendum
1728 3711 1805 3767 quatu

513 3779 608 3851 gloriae
638 3780 752 3853 cupido:
782 3780 834 3836 hoc
859 3798 923 3836 vero
954 3781 1016 3853 quid
1049 3789 1105 3842 est,
1137 3779 1218 3854 paulo
1241 3780 1342 3835 dietum
1365 3787 1508 3834 estante:
1537 3786 1565 3834 et
1588 3778 1655 3834 adeo
1679 3795 1731 3851 pro
1754 3779 1834 3832 boen

512 3864 577 3919 milii
601 3881 656 3918 non
679 3865 776 3925 linteo,
801 3874 830 3919 ιιι
853 3865 904 3920 nisi
927 3865 1014 3936 palam
1037 3864 1205 3920 damnaveris
1228 3865 1350 3938 rqttaedam
1372 3862 1540 3936 desierisque
1563 3863 1741 3936 pertinaciter
1763 3862 1806 3916 ad·

512 3964 618 4008 serere,
641 3948 742 4003 autad
765 3949 928 4021 palinodiam
951 3948 1057 4021 adigam
1081 3958 1123 4012 te,
1152 3958 1198 4004 aut
1221 3949 1292 4005 teres
1315 3948 1388 4022 quod
1411 3948 1559 4022 impietatis
1583 3955 1608 4001 te
1631 3946 1720 4020 palam
1743 3964 1805 4002 con·

512 4031 623 4087 arincam.
667 4031 700 4087 Et
728 4031 830 4088 lalleris
859 4032 965 4106 quidem
994 4051 1073 4106 spiram
1097 4033 1272 4106 longissime,
1301 4033 1324 4088 si
1347 4033 1462 4088 Laeieum
1490 4031 1532 4087 vel
1555 4031 1734 4087 Stuuieannm
1757 4031 1805 4085 boe.

512 4115 656 4188 negocium
680 4125 775 4190 putas;
799 4116 838 4172 rel
863 4117 939 4189 lungi
963 4117 1047 4173 siums
1071 4118 1210 4174 Stunicaui
1233 4127 1281 4173 aut
1303 4117 1425 4191 stipites,
1449 4116 1516 4171 nibil
1533 4116 1622 4172 niitms
1639 4115 1760 4172 feremus
1774 4115 1805 4169 da

513 4209 539 4256 te
567 4217 646 4272 qnam
674 4209 704 4255 ut
735 4200 820 4274 paleis
850 4209 953 4257 tantum
982 4202 1127 4258 verborum
1154 4203 1274 4257 sinamus
1302 4202 1405 4274 imponi
1432 4200 1526 4263 nobis;
1554 4209 1583 4255 et
1606 4208 1746 4274 utcunque
1768 4200 1805 4253 sis
1815 4215 1835 4251 n

511 4284 592 4340 etiam
615 4285 788 4342 acutissimus
809 4286 979 4359 disputator,
1008 4287 1060 4342 nisi
1083 4287 1135 4343 boe
1157 4286 1248 4359 gladio
1271 4286 1381 4359 aricipiti
1405 4285 1584 4359 pugnaveris,
1614 4284 1661 4356 qui
1684 4294 1726 4339 est
1749 4301 1804 4339 rer·

510 4368 574 4425 bum
596 4370 652 4431 dei,
681 4371 752 4426 bunc
780 4370 937 4444 plumbeum
965 4370 1131 4444 eloquentiae
1160 4381 1213 4427 tuae
1241 4371 1387 4445 pugionem
1418 4369 1486 4425 nibil
1514 4369 1669 4426 metuimus.
1714 4369 1804 4441 Neque

431 4471 435 4479 ’
511 4455 595 4511 multa
622 4454 701 4511 nobis
729 4455 760 4510 ad
790 4456 842 4511 boc
870 4456 1016 4511 acrimonia
1045 4473 1115 4529 opus
1143 4464 1184 4511 est
1213 4455 1254 4509 rel
1278 4454 1427 4527 magnificis
1450 4453 1607 4514 lenociniis,
1636 4454 1753 4524 gratiam
1776 4459 1804 4506 ut

511 4539 590 4597 uobis
617 4541 689 4615 apud
717 4541 837 4597 lectores
865 4558 1021 4614 pareamus,
1050 4548 1155 4596 tantum
1184 4540 1281 4596 nudam
1310 4539 1394 4613 ipsam
1424 4539 1564 4594 veritatem
1587 4537 1757 4609 simplicibus
1778 4545 1804 4590 et

510 4624 613 4698 absque
635 4626 698 4682 luco
721 4624 810 4681 serbis
834 4626 859 4678 in
883 4625 971 4681 lucem
993 4643 1114 4697 agemus.
1159 4625 1230 4679 Satis
1254 4625 1305 4680 iarn
1327 4623 1420 4679 iudicii
1443 4623 1548 4696 optimo
1570 4622 1669 4693 cuique
1692 4632 1749 4682 est,
1771 4621 1835 4675 deu

512 4711 622 4783 ingenio
646 4719 692 4765 ιιιο
716 4711 781 4783 qiud
803 4709 900 4765 ‹lebeat
922 4710 1038 4769 sentire,
1061 4711 1123 4765 altam
1149 4710 1235 4770 ralre,
1259 4710 1447 4765 inconstanter
1469 4716 1497 4763 et
1512 4705 1615 4762 lubrice
1630 4707 1690 4779 agis
1707 4706 1803 4765 eurania.

496 4803 541 4873 ¹nt
563 4794 631 4849 nibil
654 4794 690 4849 sit
712 4795 764 4851 boc
786 4794 865 4850 uobis
888 4811 999 4849 successe
1021 4794 1107 4867 digito
1131 4803 1297 4857 monstrarc;
1319 4811 1381 4850 eum
1403 4810 1483 4849 uemo
1506 4792 1542 4846 sit
1564 4789 1644 4846 bodie
1661 4800 1826 4864 quantum·-

510 4895 617 4950 cnnque
640 4877 786 4950 eloquens,
810 4878 856 4951 qui
879 4879 967 4950 possit
990 4879 1029 4934 sic
1052 4888 1078 4934 te
1102 4878 1268 4952 pensiculate
1290 4878 1404 4952 pingere
1427 4894 1506 4951 quam
1530 4876 1621 4949 ipsum
1643 4884 1669 4931 te
1693 4884 1723 4932 tn
1747 4875 1805 4948 pin

579 5055 761 5112 ηιίοιιηιιιιειι,
813 5055 988 5108 ”tantillum
1002 5061 1058 5110 1.2.
1073 5060 1176 5111 vindic.
1191 5063 1217 5110 3.
1270 5059 1292 5091 ²⁷
1305 5061 1324 5109 ii
1340 5061 1365 5108 3.
1380 5060 1430 5122 (hi,
1444 5074 1492 5108 non
1506 5058 1546 5120 ii).
1583 5057 1605 5090 ³⁸
1617 5057 1719 5108 laicum
1735 5058 1775 5106 3.!
