4367 6084
521 709 592 778 37¹1
631 723 872 773 cccxxxxltli.
892 739 1024 775 ivuicivii
1038 739 1142 774 sensui
1155 740 1259 776 utenti
1273 740 1443 790 onerosiora
1456 741 1559 777 istisin
1572 740 1765 777 rioririiooiiii.

521 898 711 957 victissiiunm,
734 894 913 971 omnibusque
936 898 989 971 piis
1011 898 1284 962 indubitatissiiunm,
1314 900 1396 955 veluti
1421 918 1517 956 vanum
1541 900 1695 974 quempiam
1719 918 1750 954 ac
1770 908 1811 953 tii·

521 981 687 1038 iiiiiltuiisuin
703 981 849 1037 hominem.
890 982 971 1037 l'iileo
991 984 1110 1039 nondum
1128 983 1281 1055 intelligere
1299 984 1437 1041 Erasmuiu
1456 1003 1536 1058 quain
1554 1002 1610 1039 nou
1629 984 1718 1059 possit
1735 1001 1811 1039 evan·

520 1067 622 1139 polium
638 1074 739 1140 prater
755 1066 900 1123 tumultuin
921 1067 1063 1140 praedicari
1081 1086 1157 1124 vere:
1180 1069 1231 1129 ali,
1255 1070 1302 1131 ali,
1323 1070 1425 1143 refugit
1442 1088 1550 1125 crucem
1567 1069 1709 1130 Erasinus,
1734 1086 1810 1141 quani

521 1161 610 1207 tauron
638 1168 692 1205 uon
712 1151 874 1222 dedignatus
902 1161 944 1208 est
974 1153 1046 1208 loire
1069 1154 1112 1208 dei
1135 1153 1220 1215 lilius,
1245 1155 1376 1227 magister
1398 1163 1507 1215 noster,
1529 1162 1558 1210 et
1581 1163 1748 1210 tamennon
1771 1160 1812 1208 est

520 1253 615 1291 serviis
638 1235 724 1291 maior
744 1235 856 1291 domino
879 1255 938 1292 suo.
983 1236 1110 1294 Erasmus
1126 1239 1260 1294 nemiuem
1278 1239 1377 1294 laedere
1399 1238 1471 1301 vult,
1492 1239 1599 1313 placere
1617 1247 1708 1294 autem
1728 1238 1830 1294 ouini-a

521 1321 587 1381 lius;
617 1319 673 1375 vult
696 1319 780 1391 igitur
802 1321 887 1376 maior
909 1339 968 1378 esse
990 1322 1102 1379 domiuo
1125 1341 1190 1384 suo,
1219 1324 1265 1396 qui
1289 1341 1349 1380 sese
1379 1323 1480 1397 ubique
1502 1323 1628 1379 omnibns
1652 1322 1811 1378 invidiosum

521 1404 651 1461 reddidit:
678 1403 848 1476 evangelium
877 1405 943 1462 illud
971 1415 1066 1462 natura
1093 1408 1253 1473 seditiosum
1286 1408 1373 1482 parcit
1399 1409 1513 1470 nemini.
1543 1408 1682 1482 pudefacit
1705 1424 1811 1467 omnes:

521 1498 651 1545 cadmum
682 1489 840 1562 puilelactos
870 1500 898 1546 et
930 1509 990 1547 sese
1024 1501 1223 1565 cognoscentes
1252 1493 1375 1566 suscipit.
1427 1492 1505 1549 hliud
1532 1501 1648 1550 conatur
1678 1492 1811 1547 Erasmus.

522 1574 585 1629 llam
608 1573 764 1647 opinionem
786 1574 836 1629 iani
862 1575 963 1632 dudum
985 1594 1036 1651 pro
1065 1596 1113 1644 sua
1142 1577 1257 1634 humana
1285 1578 1417 1651 sapientia
1445 1578 1571 1652 concepit
1590 1576 1734 1637 Erasmus,
1767 1576 1810 1631 sed

522 1676 617 1734 parum
637 1658 768 1732 proiecit,
800 1676 889 1733 nequo
910 1678 973 1717 vero
996 1661 1035 1717 sic
1062 1680 1146 1736 porro
1170 1663 1308 1735 proficiet,
1343 1663 1396 1717 nisi
1424 1680 1478 1719 uon
1509 1663 1574 1717 vivit
1595 1662 1684 1723 lesus,
1717 1661 1764 1734 qni
1784 1667 1811 1715 et
1821 1673 1842 1712 ii

524 1743 583 1818 ipse
602 1743 652 1798 hac
670 1743 709 1798 via
731 1761 784 1798 non
805 1744 945 1816 ingressus
968 1755 1024 1807 est,
1048 1748 1094 1802 sed
1118 1765 1225 1821 semper
1248 1757 1337 1803 semet·
1359 1748 1480 1820 gravavit
1500 1747 1613 1808 invidia,
1642 1747 1725 1802 etiaiu
1754 1762 1812 1802 cuni

524 1829 548 1883 id
569 1828 700 1900 temporis
720 1843 774 1883 uoii
797 1836 870 1885 essct
891 1831 958 1886 adeo
982 1818 1111 1904 πονηρὸς
1134 1831 1254 1888 iudaicus
1276 1831 1502 1907 popiilus,-siciit
1525 1849 1595 1888 nnnc
1612 1839 1656 1886 est
1679 1830 1722 1894 liic
1741 1829 1813 1885 orbis

524 1912 656 1987 papistico
680 1929 765 1984 regno
794 1913 936 1970 obnoxius.
977 1915 1012 1972 ti
1042 1917 1093 1973 hoc
1123 1916 1224 1989 Erasini
1249 1915 1342 1972 libello
1365 1916 1443 1972 lacilc
1472 1915 1639 1973 intellexeris
1665 1915 1753 1989 ipsius
1783 1915 1813 1968 ile

524 1997 642 2052 luthero
663 1997 839 2060 sententiam.
864 2001 970 2055 tametsi
994 2000 1046 2056 snb
1068 2001 1184 2075 simplici
1201 2010 1334 2074 praetextu
1351 2002 1486 2075 peragitet
1504 2001 1607 2060 omnia.
1627 2000 1680 2056 hoc
1698 2007 1743 2055 est
1759 1997 1813 2053 vult

524 2081 607 2137 videri
630 2099 685 2137 non
707 2083 856 2144 advorsari,
881 2084 982 2141 iaciens
1008 2086 1117 2142 iuterim
1133 2084 1199 2141 nihil
1219 2085 1316 2142 minus.
1351 2086 1474 2142 Sentiant
1497 2086 1541 2143 alii
1561 2086 1595 2140 de
1610 2084 1732 2141 Luthero
1750 2083 1843 2157 qiiiilii

524 2166 622 2227 velint:
644 2183 695 2237 ego
718 2165 758 2221 vel
777 2185 808 2222 ei
828 2168 881 2224 vitn
903 2187 960 2224 niea
980 2171 1052 2226 sensi
1073 2179 1204 2245 quantuni
1225 2170 1397 2227 saluberrimi
1420 2171 1534 2227 iteneris
1555 2187 1605 2244 per
1626 2167 1702 2224 illum
1728 2185 1814 2225 acces·

524 2252 591 2306 sciit
621 2250 698 2312 milii,
723 2250 829 2308 iiiisello
852 2253 943 2327 prius,
967 2256 1039 2328 quod
1062 2257 1170 2329 quidem
1193 2255 1310 2327 ingenue
1334 2257 1423 2311 lateor
1446 2273 1582 2329 nunqnam
1608 2253 1762 2327 potuissem
1784 2270 1814 2323 ei

525 2335 668 2391 Erasmicis
698 2337 807 2410 scriptis
837 2336 1012 2402 liiciilaocre;
1045 2340 1213 2414 experientia
1239 2341 1297 2414 ipsa
1319 2340 1355 2395 ita
1378 2358 1420 2396 mc
1446 2339 1548 2396 sentire
1569 2340 1658 2394 docet.
1700 2337 1815 2393 Proinde

526 2419 660 2476 llrasniica
676 2438 690 2475 a
707 2420 881 2483 lutheranis,
906 2423 969 2479 item
989 2425 1129 2499 papisticis
1148 2425 1218 2498 apud
1235 2442 1277 2480 iiie
1296 2424 1440 2480 stnltiilnin
1457 2425 1495 2480 sic
1513 2425 1657 2484 dillerunt,
1681 2421 1814 2478 Erasiiiica

525 2505 623 2560 docent
654 2505 861 2578 pharisaismum
884 2509 1006 2580 quidem.
1041 2510 1088 2564 sed
1112 2525 1165 2564 non
1189 2508 1259 2565 sicut
1286 2511 1415 2583 papistie:
1449 2517 1565 2583 possnut
1587 2508 1659 2564 enini
1689 2505 1846 2581 pharisaei-ii

526 2588 650 2644 bilariam
674 2588 730 2643 heri
754 2607 769 2644 c
791 2589 889 2646 divinae
911 2592 995 2663 legis,
1019 2594 1073 2648 imo
1095 2594 1176 2649 etiam
1195 2593 1328 2665 evangelii
1356 2593 1456 2650 carnali
1482 2593 1660 2654 tractatione;
1682 2591 1779 2647 deiude
1801 2608 1815 2644 e

527 2671 719 2727 traditionibus
739 2673 877 2737 humanis,
904 2684 1049 2751 vitiumque
1073 2678 1183 2751 impium
1202 2687 1258 2738 est.
1282 2679 1328 2733 sed
1348 2678 1486 2752 posterius
1509 2677 1636 2733 omnibns
1659 2676 1749 2732 modis
1769 2675 1816 2729 im-

527 2756 691 2829 piissimum:
715 2757 791 2830 prius
810 2759 890 2815 docet
911 2759 1052 2823 Erasmus,
1075 2763 1214 2836 posterius
1233 2763 1364 2836 sophistes¹
1387 2781 1434 2819 scu
1456 2762 1578 2836 papistie.
1611 2778 1697 2833 porro
1720 2760 1817 2815 Lntlic·

527 2858 574 2896 riis
605 2847 705 2913 pruitei
734 2841 814 2897 etiam
844 2861 905 2898 vere
928 2844 1061 2903 bonorum
1085 2864 1197 2919 operum
1222 2856 1375 2920 respectum
1397 2848 1476 2904 docet
1507 2847 1607 2902 servari
1627 2845 1765 2901 hominem
1786 2861 1816 2898 cii

526 2923 584 2979 sola
604 2924 631 2979 in
648 2924 784 2981 Christum
802 2927 913 2990 fidncia.
938 2949 953 2985 e
973 2949 1026 3004 qvia
1048 2930 1156 3004 quidem
1176 2932 1270 2986 lidnciu
1288 2931 1388 3005 optima
1412 2932 1508 2987 deinde
1531 2948 1627 3004 opera,
1647 2947 1695 2986 sua
1711 2937 1849 3003 spontem

528 3027 581 3065 non
603 3017 696 3065 coacta
719 3011 863 3073 servitute.
894 3016 939 3070 sed
964 3014 1051 3071 libero
1072 3015 1171 3089 spiritu
1196 3015 1372 3089 proveniunt,
1397 3017 1423 3071 in
1446 3018 1557 3072 odorem
1580 3015 1722 3070 suavitatis
1744 3008 1818 3068 altis·

527 3092 597 3150 sinio
616 3094 740 3156 domiuo,
766 3113 853 3171 neque
875 3099 946 3156 enini
965 3100 1056 3156 ociosa
1078 3100 1145 3156 lides
1166 3109 1222 3162 est,
1251 3109 1281 3156 nt
1303 3100 1408 3173 fingunt
1430 3102 1569 3174 sophistae.
1607 3098 1746 3154 Erasinnm
1770 3097 1818 3151 ita-

528 3196 581 3252 que
603 3178 732 3243 similem,
767 3180 820 3237 imo
844 3184 1012 3257 superiorem
1038 3185 1107 3240 lacio
1135 3183 1299 3258 Hieronymo
1328 3185 1490 3258 caeterisque
1519 3185 1599 3240 huius
1629 3183 1738 3245 tarinae,
1772 3181 1818 3255 qui

529 3263 755 3338 philosophorum
779 3268 1001 3339 persuasionibus
1025 3269 1188 3342 inspeciem
1213 3270 1319 3343 quidem
1343 3268 1559 3331 verisimillimis,
1583 3269 1629 3323 sed
1653 3286 1715 3322 vere
1738 3266 1819 3341 perh·

527 3349 569 3403 ilis
592 3358 620 3404 et
643 3349 731 3422 impiis
757 3351 847 3407 inlecti
871 3357 935 3409 su'iit
956 3354 1046 3410 verius
1069 3371 1149 3427 quam
1172 3354 1270 3409 adiuti:
1293 3355 1320 3409 lii
1344 3362 1495 3428 praeterunt
1517 3351 1698 3425 evangelicum
1723 3351 1853 3406 verita-ao

529 3442 582 3489 tom
612 3441 728 3496 tantuin,
766 3452 820 3492 non
846 3437 960 3500 docent,
997 3438 1119 3493 umbram
1142 3437 1302 3511 evangelican
1328 3439 1459 3495 doctriuae
1489 3438 1613 3498 tradunt,
1650 3453 1704 3491 nou
1735 3437 1852 3509 ipsam,

528 3517 682 3581 veritatem,
717 3538 771 3575 non
796 3521 880 3596 ipsam
903 3522 928 3577 in
957 3523 1092 3578 Christum
1116 3522 1224 3585 lidem;'
1244 3522 1268 3577 id
1297 3523 1369 3596 quod
1398 3532 1426 3579 et
1452 3523 1479 3578 iii
1504 3522 1614 3577 Erasmo
1634 3513 1821 3594 'deprehendo

529 3601 569 3656 rel
598 3621 629 3658 ei
660 3603 710 3660 hoc
738 3605 823 3678 ipsius
853 3605 955 3662 libello.
1006 3605 1072 3662 Ecce
1096 3607 1153 3662 herc
1175 3615 1238 3662 suiit
1261 3607 1442 3680 philosophie
1470 3606 1588 3681 praemia.
1643 3605 1742 3660 Cerere
1769 3621 1821 3658 uos

528 3695 620 3743 monet
642 3687 785 3761 apostolus
813 3708 826 3744 a
856 3689 1042 3765 philosophia,
1077 3699 1105 3746 et
1132 3700 1221 3747 tamen
1250 3691 1294 3747 illa
1322 3700 1427 3748 comata
1456 3693 1598 3763 fucataque
1626 3689 1754 3745 meretrix
1780 3706 1822 3742 sc·

526 3771 602 3826 duxit
632 3771 715 3827 multa
746 3773 875 3845 praeclara
903 3775 1025 3847 ingenim
1059 3784 1086 3831 et
1116 3793 1132 3831 o
1161 3775 1293 3832 infelicem
1322 3775 1473 3837 Erasmum,
1508 3775 1553 3849 qui
1587 3793 1643 3848 prm
1676 3773 1737 3828 istis
1771 3772 1854 3828 liii-ti

528 3872 613 3911 manu·
641 3856 781 3930 sapientiai
811 3859 930 3915 tenebris
960 3861 1079 3915 nondum
1111 3868 1203 3933 potest
1232 3862 1387 3935 perspicere
1409 3861 1556 3916 Romanum
1580 3859 1735 3932 pontificem
1760 3875 1822 3911 esse

529 3938 738 4001 llutichristuni,
773 3941 813 3998 vel
842 3942 863 3996 si
894 3944 991 4004 sentit,
1023 3961 1077 3999 non
1105 3963 1137 4000 ei
1161 3943 1255 4000 'auiiuo
1289 3946 1386 4007 sentit,
1422 3944 1463 4015 vel
1496 3945 1518 3999 si
1552 3944 1635 3999 sentit
1666 3960 1698 3996 ei
1721 3942 1822 4001 iiiiiino.

529 4040 583 4078 iiim
606 4023 687 4078 audet
710 4025 791 4080 etiam
815 4026 893 4081 lateii
917 4027 1003 4102 palam
1027 4037 1055 4084 ct
1082 4029 1235 4085 dissimulat
1263 4030 1362 4090 adbuc,
1398 4029 1474 4103 quasi
1503 4047 1567 4084 vero
1595 4024 1822 4083 dissimulandum

529 4107 565 4161 sit
585 4106 611 4161 iii
638 4124 667 4161 re
693 4116 745 4164 tuin
769 4110 839 4165 seria
862 4113 1082 4186 necessariaque:
1113 4121 1192 4187 putat
1220 4114 1388 4168 miserrimus
1411 4115 1556 4169 homuncio
1579 4120 1726 4186 propterea
1747 4110 1821 4183 qnod

530 4190 709 4264 pliarisaisiuo
734 4194 900 4250 immodicam
924 4206 1183 4272 iiavantesoperain
1207 4198 1398 4270 ingrediuntur
1426 4197 1508 4253 veluti
1534 4197 1598 4252 boni
1622 4195 1670 4251 viri
1695 4195 1855 4269 papistie.io

530 4294 584 4331 non
604 4294 664 4332 esse
685 4280 853 4335 Antichristo
876 4281 1021 4342 obiioiios,
1046 4284 1091 4356 qui
1117 4290 1204 4337 tamen
1227 4282 1334 4337 miseris
1356 4282 1516 4337 mortalibus
1540 4281 1658 4336 nondum
1681 4278 1723 4334 vel
1746 4279 1822 4351 cogi-

529 4370 586 4416 tant
619 4362 761 4419 subvenire
783 4366 809 4420 in
845 4365 972 4421 tollendis
1002 4367 1184 4437 gravissimis,
1219 4364 1491 4429 intolerabilissimis,
1526 4364 1822 4439 perniciosissimisque

528 4446 658 4502 oneribus
679 4449 856 4506 traditionum
879 4469 1006 4513 suarum,
1036 4453 1117 4507 etiam
1140 4452 1256 4523 pessime
1279 4451 1402 4507 volentes
1424 4452 1447 4506 ei
1471 4451 1516 4524 qni
1540 4451 1597 4504 haec
1626 4458 1681 4504 tam
1704 4447 1823 4503 lidelitoi

528 4540 635 4593 monet,
656 4533 784 4591 hutliero.
818 4536 911 4609 h'oquc
934 4554 997 4592 voro
1016 4536 1107 4590 adbuc
1125 4535 1158 4591 ab
1173 4534 1283 4591 Erasmo
1306 4536 1470 4610 patefactum
1487 4543 1529 4590 est
1547 4533 1608 4589 orbi
1626 4533 1701 4588 serio
1720 4540 1822 4605 quanta

529 4616 697 4689 impietatum
719 4619 794 4675 leina
815 4621 851 4676 sit
870 4621 1003 4675 inmissis
1022 4619 1132 4676 illorum
1151 4620 1329 4692 quotidianis,
1352 4639 1432 4693 quain
1452 4621 1591 4675 innumera
1609 4617 1636 4672 iii
1655 4616 1823 4672 matrimonii
1837 4634 1857 4673 is

526 4702 674 4759 execranda
703 4703 883 4777 abrogatione
906 4705 1020 4761 istorum
1046 4705 1242 4760 indomitarum
1265 4704 1330 4760 hant
1356 4705 1472 4778 flagitia:
1506 4704 1574 4760 lianc
1596 4701 1748 4762 sordidam,
1772 4720 1824 4756 ce·

527 4795 615 4842 terum
640 4790 755 4862 papistis
777 4798 882 4861 gratam
899 4790 1065 4845 Caniniinam
1084 4807 1139 4845 non
1155 4790 1283 4861 dignatur
1299 4807 1406 4845 uioveie
1424 4788 1565 4850 Erasmus;
1588 4786 1635 4842 sed
1653 4785 1823 4846 dissimulem

531 4911 725 4921 μα--ᾼᾲ-

595 4970 615 5002 ¹‘
633 4963 758 5036 πόνηρος
778 4974 834 5019 tt.
855 4971 951 5031 (miseri
1010 4970 1193 5020 ”homuntio
1213 4976 1238 5021 i.
1296 4969 1319 5002 ⁴²
1337 4971 1682 5036 pernitiosissimisque.2.
1736 4966 1759 4999 ‘⁵
1779 4956 1845 5017 eo?

527 5070 583 5103 riiiu
604 5059 629 5104 3.
688 5053 710 5085 ⁴⁸
729 5056 930 5104 Sodomitarum
951 5058 977 5103 3.
