4367 6084
432 713 648 766 cccxxxnn.
668 730 857 766 navarrensn
871 730 925 767 eso
938 729 1068 766 serrano
1081 729 1119 764 an
1133 730 1237 767 esasin
1251 732 1393 775 seonciau
1407 732 1570 768 sssronsro.
1608 704 1676 775 341

382 888 494 961 ingenia
516 887 651 956 celebrata
680 890 760 946 hodie
789 897 866 954 sunt;
898 907 930 946 en
959 889 1084 946 omnibus
1108 890 1279 951 nationibus.
1303 908 1334 945 ex
1355 889 1444 952 ltalia.
1468 909 1499 946 cn
1515 892 1625 955 Galliis,
1648 913 1679 949 cr

382 973 526 1035 Bohemia:
559 982 641 1046 atque
664 975 701 1029 hii
725 992 833 1036 omnes,
864 975 937 1031 inter
957 974 1008 1030 alia
1032 984 1059 1031 et
1081 993 1210 1031 novarum
1239 992 1329 1031 rerum
1359 974 1477 1035 labulas,
1506 979 1678 1050 congratula-

384 1057 488 1113 bantur
508 1059 541 1113 de
564 1058 636 1115 hello
659 1068 769 1133 sumpto
792 1060 818 1114 in
834 1060 1005 1115 Romanistas
1020 1068 1048 1115 et
1062 1059 1230 1120 cortisanos,
1254 1058 1399 1114 laudabant
1420 1060 1591 1123 institutum,
1615 1063 1679 1118 hor·

386 1142 528 1203 labantur.
562 1151 592 1198 ut
621 1144 718 1216 caeptis
747 1162 854 1199 niarium
882 1144 1000 1200 adderet.
1046 1144 1122 1211 Quod
1146 1145 1168 1199 si
1197 1153 1226 1199 tu
1255 1143 1357 1205 neseis,
1392 1152 1417 1198 et
1448 1145 1513 1199 lacis
1538 1146 1604 1200 tanti
1629 1166 1679 1221 per

353 1226 517 1300 aepistolas
539 1220 669 1300 probari·
685 1245 737 1301 ego
759 1228 802 1283 his
825 1229 911 1284 oculis
934 1229 984 1284 ridi
1008 1238 1035 1284 et
1058 1227 1120 1301 legi.

450 1307 547 1387 [ems]
592 1329 641 1368 aare.
665 1312 739 1368 Mihi
759 1316 850 1385 irrepis
871 1315 978 1369 subolet
989 1315 1110 1383 perede,
1134 1331 1219 1383 quaram
1235 1313 1389 1368 obicccriul
1404 1314 1536 1368 naorrecbi
1550 1332 1585 1368 uc
1600 1317 1676 1370 theo-

381 1398 447 1468 loql.
472 1408 475 1412 ·
515 1413 564 1452 or.
587 1396 664 1452 Nulla
688 1398 793 1454 obieeta
816 1406 870 1458 est.
900 1415 950 1472 per
970 1398 1122 1453 Christum!
1154 1415 1240 1470 neque
1264 1414 1381 1469 rariqumn
1404 1398 1529 1453 convenit
1553 1398 1591 1452 illi
1614 1419 1675 1456 eum

383 1479 577 1542 Edrnondanis,
600 1482 822 1542 llochstratibus.
845 1482 964 1538 Latomis
987 1491 1015 1538 et
1038 1482 1196 1556 sophisticis
1212 1481 1343 1536 monstris
1360 1481 1428 1535 iilis:
1452 1489 1492 1542 et,
1518 1490 1547 1536 nt
1563 1485 1676 1541 maxime

381 1565 534 1620 remisisset
557 1565 696 1627 insidiam.
720 1566 856 1640 integrior
877 1574 935 1622 erat
952 1585 1031 1639 qraarn
1049 1567 1095 1640 qui
1113 1565 1270 1621 irrrrnerihus
1287 1566 1390 1621 sineret
1406 1567 1476 1621 lleeti
1493 1575 1521 1621 et
1536 1569 1673 1642 corrumpi

339 1663 427 1711 lose:
450 1667 498 1705 nec
520 1658 575 1704 tam
598 1649 684 1707 lutilis
707 1659 734 1705 et
756 1652 815 1706 auri
839 1651 934 1706 sitiens
959 1651 1023 1713 luit,
1047 1659 1078 1705 ut
1099 1659 1244 1725 conspecta
1268 1650 1381 1725 pecunia
1406 1660 1532 1724 protums
1554 1652 1674 1709 venalem

379 1733 495 1789 animam
519 1733 652 1789 babuerit.

446 1813 543 1893 [stan]
568 1835 617 1875 aaa.
641 1820 740 1892 Neque
763 1823 837 1874 euim
858 1821 912 1876 bol:
934 1823 1078 1891 inceptum
1102 1826 1283 1885 recenseat,
1311 1821 1363 1874 sed
1389 1826 1468 1875 oclus
1490 1826 1533 1874 est
1555 1823 1671 1877 vomica.

378 1918 430 1958 oe.
454 1902 596 1958 Sic‘retus
617 1913 673 1965 est,
696 1903 730 1959 ab
752 1921 785 1959 eo
808 1912 944 1978 tempore,
969 1922 1023 1978 quo
1045 1905 1153 1977 coepisti
1176 1905 1209 1959 de
1231 1903 1371 1976 evangelio
1387 1912 1414 1959 et
1429 1903 1593 1976 eraiigelieis
1609 1907 1673 1961 viris

377 1985 447 2042 inale
469 1987 580 2043 sentire.

339 2085 368 2124 ¹5
444 2066 543 2147 [seih]
588 2089 638 2128 sn.
662 2074 735 2128 Aule
757 2075 919 2143 complures
941 2088 1051 2128 menses
1072 2075 1254 2144 scripserunt
1270 2075 1356 2128 amici
1376 2075 1472 2143 nescio
1495 2075 1564 2143 quid
1585 2076 1674 2129 libelli

372 2164 514 2225 peretum
536 2158 564 2210 in
587 2173 640 2212 me.
708 2173 757 2213 οἰ.
778 2157 923 2230 Nugantur
945 2157 1101 2231 quicunque
1124 2166 1187 2212 sunt
1210 2156 1263 2216 illi,
1299 2175 1352 2212 non
1383 2157 1460 2213 aurici
1490 2158 1537 2212 sed
1560 2160 1670 2231 pessimi

376 2239 580 2314 suggillatores.
624 2242 653 2296 ln
676 2241 814 2296 hliithusio
837 2251 948 2315 paratus
970 2251 1013 2297 est
1041 2241 1174 2315 primum,
1209 2230 1296 2314 idquex
1321 2259 1376 2296 urm
1403 2251 1430 2297 et
1462 2241 1549 2296 altero
1578 2261 1669 2298 iriense

375 2324 409 2379 ad
432 2342 582 2386 srinnnmn,
605 2336 633 2382 et
655 2344 686 2382 ea
708 2325 827 2386 calamo,
856 2345 886 2382 ac
908 2326 975 2382 eitra
999 2325 1111 2381 multam
1134 2327 1305 2381 allectionem
1328 2326 1368 2379 rel
1391 2344 1517 2381 corrasus
1539 2335 1669 2382 centones

375 2408 549 2464 familiarium
571 2410 763 2483 epistolarum,
788 2411 861 2483 quod
883 2420 911 2466 tu
935 2411 1055 2483 nugaris.
1101 2410 1162 2465 inde
1186 2410 1277 2465 statim
1301 2410 1422 2466 redditus
1453 2410 1501 2464 tibi
1530 2420 1586 2472 est:
1616 2412 1667 2465 nisi
1699 2422 1705 2435 ·

336 2493 447 2549 aolorte
471 2493 604 2550 tabellarii
627 2495 720 2550 lraude
742 2494 843 2568 aliquid
866 2495 965 2551 lactum
988 2504 1038 2551 est.

440 2573 540 2654 [hist]
585 2597 634 2636 sla.
658 2581 858 2649 Idcpeclebum
881 2581 1174 2636 concerleliuuculem
1197 2581 1323 2657 qliquem
1346 2581 1381 2634 de
1411 2581 1589 2651 aloqinetibus
1611 2581 1667 2635 Lu·

373 2663 457 2717 llaeri.
524 2678 574 2719 oa.
598 2662 734 2730 Quorsum
756 2663 867 2720 lecisset
889 2665 956 2719 lianc
979 2663 1085 2718 inanem
1117 2668 1245 2737 operam‘.l
1274 2664 1328 2720 Nos
1357 2664 1425 2719 nihil
1452 2664 1607 2720 dubitamus
1634 2666 1667 2720 ale

373 2747 533 2820 scripturis:
555 2748 606 2804 hoe
628 2757 733 2804 tantum
757 2749 918 2804 studendum
942 2755 997 2809 est;
1021 2757 1051 2804 ut
1072 2747 1228 2822 complures
1251 2757 1347 2803 nostro
1370 2748 1568 2804 lucrifaciamus
1589 2750 1666 2821 gregi

372 2840 401 2887 et
423 2832 484 2887 fidei
506 2832 675 2888 Christiana.
721 2834 759 2888 Tu
782 2850 861 2896 vero,
885 2833 974 2907 siquid
996 2832 1118 2894 dubitas,
1142 2832 1244 2907 explica
1268 2833 1331 2907 quid
1354 2833 1405 2889 hoe
1427 2837 1486 2889 est?

336 2927 363 2964 '²5
438 2911 538 2992 [teth]
582 2914 639 2973 sae'
666 2919 765 2974 Utrum
790 2925 883 2974 erilem
906 2918 1052 2974 honestius
1074 2925 1117 2973 est
1139 2922 1272 2988 occipere
1291 2919 1446 2988 praemium
1475 2920 1510 2974 eb
1539 2920 1665 2989 imperu-

372 3007 433 3057 lere
457 3019 491 3055 oc
509 3004 659 3072 pontifice,
691 3009 722 3057 ul
743 3005 872 3074 disputes
894 3004 1034 3059 adsersus
1055 3003 1231 3068 bulherum,
1262 3020 1299 3057 an
1323 3021 1341 3056 a
1364 3003 1511 3059 nionacbts
1532 3005 1666 3074 occipere

372 3087 545 3151 mercedem,
568 3093 600 3141 ul
621 3089 755 3142 coaaoicils
777 3088 880 3143 talibus
902 3089 1030 3142 incessas
1051 3088 1193 3142 ornicum?
1252 3102 1303 3141 or,
1327 3086 1384 3142 Non
1406 3087 1483 3142 andis
1506 3086 1573 3141 nihil
1596 3105 1665 3143 mer·

370 3169 445 3224 cedis
468 3170 612 3227 retulisse?
635 3171 682 3226 Vel
706 3171 728 3225 si
752 3189 866 3244 prorsus
889 3172 926 3227 ita
947 3171 1104 3232 contendis,
1134 3188 1185 3242 age
1207 3170 1324 3225 vicissim
1348 3179 1392 3231 tu,
1423 3180 1514 3225 utrum
1537 3178 1579 3226 cst
1601 3171 1665 3225 ciri·

370 3253 424 3309 lius
447 3253 482 3309 ob
504 3257 652 3311 mercedem
677 3263 705 3310 et
726 3257 805 3321 ollam
822 3276 836 3311 a
851 3254 1032 3311 cardinalibus
1048 3255 1181 3309 obiectam
1197 3255 1315 3327 agnitam
1333 3254 1471 3332 ueritatem
1495 3253 1663 3326 impugnare.

335 3353 406 3394 aean
428 3346 537 3412 accepta
560 3341 681 3396 mercede
703 3340 737 3396 ab
759 3341 885 3396 hostibus
914 3338 1000 3394 amieo
1028 3339 1172 3394 com'iciari
1202 3339 1273 3411 quod
1303 3337 1421 3408 agnitam
1450 3338 1591 3392 veritatem
1620 3356 1664 3393 en·

370 3423 517 3496 pugnarit‘l

436 3502 534 3584 [heth]
580 3525 629 3565 eu.
653 3509 739 3565 Dicet
760 3511 848 3581 iqilur
871 3510 1016 3563 Hellenos
1038 3509 1111 3564 boam
1132 3508 1206 3577 fide,
1230 3524 1314 3576 quom
1332 3507 1420 3576 offam
1436 3507 1590 3561 obiecerint
1605 3525 1662 3560 mo-

369 3593 459 3648 naclu'
479 3600 506 3648 el
528 3593 664 3665 ideslofi,
693 3602 724 3649 ul
749 3596 778 3649 in
807 3610 850 3648 me
878 3596 1020 3649 latraret?
1097 3608 1147 3648 οτ.
1165 3592 1198 3646 Si
1227 3590 1297 3646 alius
1319 3609 1394 3646 esses
1424 3609 1503 3663 qnam
1526 3589 1661 3649 Erasmus.

367 3677 520 3733 diceremus
543 3677 594 3735 hoc
617 3678 681 3739 tibi,
705 3679 923 3752 quandoquidem
947 3677 986 3732 sie
1008 3694 1105 3748 urges;
1135 3676 1183 3731 sed
1212 3685 1300 3731 tamen
1325 3683 1441 3731 senectae
1465 3684 1492 3729 et
1515 3674 1661 3731 eruditioni

334 3778 437 3818 :iasuus
460 3761 604 3818 habebitur
626 3764 721 3818 honos.
766 3763 835 3830 Quin
858 3762 929 3818 hona
952 3761 1002 3816 bde
1025 3760 1104 3816 nciliis
1126 3761 1182 3822 dic,
1215 3778 1295 3833 quam
1327 3760 1407 3814 ollam
1434 3759 1592 3815 obiecerunt
1616 3779 1661 3833 pa·

367 3847 463 3920 pistae,
486 3855 516 3901 ut
538 3855 632 3902 contra
655 3847 848 3903 conscientiam
864 3865 955 3903 sanam
972 3846 1124 3902 doctrinam
1140 3845 1286 3905 aversaris,
1309 3854 1337 3900 et
1352 3844 1419 3900 clam
1435 3845 1544 3899 adiuvas
1560 3853 1660 3900 sectam

367 3931 563 4004 perniciosam,
587 3931 755 4005 evarigelium
778 3933 929 4005 abnegans.
953 3940 980 3987 et
1004 3931 1051 3986 tibi
1075 3930 1128 4004 ipsi
1151 3929 1267 3985 accersis
1282 3929 1398 3985 celerem
1415 3929 1573 3985 interitum?
1596 3931 1660 4003 quid

367 4015 426 4088 spei
456 4014 554 4090 reliqui
583 4017 720 4077 lecerunt,
748 4025 778 4072 ut
806 4034 876 4072 num
898 4017 1009 4072 (laninas
1037 4016 1109 4089 quod
1133 4014 1196 4070 olim
1225 4013 1375 4088 probabas;
1409 4032 1479 4070 nunc
1506 4014 1661 4070 dissimulas

366 4100 440 4172 equod
463 4100 516 4155 seis
538 4100 716 4173 imposturam
738 4109 766 4155 et
788 4101 954 4157 mendaoinm
976 4104 1056 4157 esset

329 4201 356 4240 ao
431 4176 544 4260 [teeti
574 4202 624 4241 nn.
656 4184 687 4240 Si
714 4191 807 4242 lernen
835 4187 881 4241 illc
907 4185 997 4258 some
1024 4186 1163 4240 rationem
1194 4185 1280 4239 ullam
1309 4185 1402 4239 babel.
1475 4201 1525 4239 or.
1549 4184 1659 4252 Qualem

364 4269 442 4324 latrias
466 4269 599 4324 rationem
623 4270 763 4331 habuerit,
788 4271 874 4344 ipsum
898 4270 973 4331 aradi,
997 4287 1124 4324 nonme.
1171 4267 1259 4341 „ege
1294 4268 1397 4341 inquit,
1431 4285 1445 4321 a
1474 4267 1549 4322 nullo
1573 4269 1659 4341 magis

364 4353 488 4425 ..flagitio
511 4371 620 4428 semper
642 4353 771 4409 abhorrui
795 4372 876 4428 quani
899 4371 912 4407 a
937 4353 1092 4412 mendacio,
1116 4369 1204 4425 neque
1226 4351 1413 4406 detestabilius
1430 4351 1573 4423 quiequam
1590 4352 1658 4406 duco

362 4455 462 4510 ..quani
484 4455 539 4493 non
569 4438 729 4512 simpliciter
759 4448 787 4494 et
814 4438 916 4511 optima
945 4437 999 4514 lide
1027 4445 1054 4491 et
1083 4436 1159 4508 loqui
1183 4444 1209 4490 et
1232 4436 1321 4490 lacere
1345 4435 1449 4494 omnia,
1483 4443 1511 4488 et
1534 4453 1548 4488 a
1571 4452 1658 4506 puero

362 4539 468 4595 „usque
492 4523 583 4577 studui
607 4532 636 4578 ut
659 4540 772 4596 syncere
795 4539 917 4578 versarer
940 4529 967 4576 et
989 4519 1116 4576 candide:
1141 4537 1201 4591 quoe
1225 4537 1266 4574 me
1282 4518 1363 4572 ctiam
1380 4535 1423 4571 res
1446 4516 1658 4587 (evidentissime

323 4607 454 4667 aa.‚seusi
477 4606 539 4677 hoc)
568 4609 654 4679 magis
677 4626 755 4681 quam
780 4606 834 4662 nlla
857 4605 907 4661 alia
929 4603 1140 4673 corrnnendarit:
1171 4602 1272 4675 quippe
1301 4601 1385 4655 invito
1412 4602 1480 4655 laurac
1510 4600 1573 4654 mihi
1604 4610 1656 4655 tam

361 4691 455 4763 „gravi
479 4692 575 4746 iniuria
598 4702 745 4766 extorques
769 4690 936 4747 iactantiam:
962 4690 1052 4761 itaque
1074 4704 1135 4742 cum
1160 4686 1186 4739 in
1209 4685 1347 4758 principes
1371 4701 1479 4757 quoque
1503 4684 1574 4738 siros
1590 4684 1657 4738 scri·

426 4869 475 4921 ’ii
495 4876 522 4923 3.
575 4871 657 4922 thira
677 4876 736 4921 m.
794 4870 980 4920 “abiecerint
999 4873 1057 4918 m.
1077 4867 1241 4917 obiecerunt
1260 4870 1286 4914 3.
1340 4863 1362 4895 ²⁶
1381 4864 1653 4914 aversaris..adin-

358 4972 409 5006 vas
464 4958 587 5008 accersis
604 4974 701 5021 omnes,
719 4974 770 5022 pro
784 4955 921 5007 averseris
939 4959 997 5006 etc..
1050 4951 1072 4983 ³³
1091 4951 1207 5000 domnas
1261 4948 1417 4998 dissimules
1429 4965 1523 4998 omnes.
1576 4946 1595 4980 ⁴¹
1618 4950 1655 4997 in-

357 5040 427 5107 quit]
447 5043 560 5109 Expost.
574 5043 615 5103 ἕξ.
628 5041 734 5092 bi...66.
787 5039 809 5072 ⁴⁴
828 5041 935 5090 sineere
957 5040 981 5087 3.
