4367 6084
543 748 743 799 cccxxxlll.
764 763 883 799 soonam
898 763 1002 798 sursus
1016 761 1160 796 unvunsvs
1173 760 1347 796 Ascnnontts
1361 760 1494 795 nuruum.
1594 728 1667 800 307
1747 738 1752 746 '

366 920 523 980 &manus
547 919 689 994 pontifex
714 924 759 979 est
780 914 1001 979 Antichristus?
1032 934 1102 976 nam
1124 893 1210 989 xtinpe
1237 918 1320 974 illum
1348 931 1428 982 esse,·
1461 932 1500 973 an
1529 931 1587 973 non
1615 916 1668 975 diu

365 1009 450 1081 siluit
472 1021 611 1080 Hilarius
630 1028 699 1079 ante
720 1036 809 1093 quam
827 1019 969 1079 scriberet
987 1021 1132 1078 aduersus
1156 1013 1306 1076 Arianos?
1332 1019 1396 1092 ipse
1419 1016 1536 1103 santur
1557 1024 1586 1075 ct
1605 1035 1665 1076 ex-

366 1130 463 1181 cusat.
509 1121 678 1196 Cyprianus
694 1127 890 1197 porrecturus
911 1124 1053 1180 ceruicem
1074 1137 1132 1194 pro
1153 1120 1281 1190 Christo,
1315 1134 1404 1190 quum
1426 1116 1592 1191 praestans
1611 1121 1658 1177 illi
1668 1120 1735 1170 ⁵2⁸⁴.

367 1225 509 1283 obiiceret
528 1225 609 1297 quod
628 1225 830 1297 conspirasset
848 1223 994 1281 aduersus
1012 1222 1142 1281 Clesuris
1162 1224 1364 1289 maiestatem,
1380 1221 1524 1291 quomodo
1541 1235 1668 1293 respon-

338 1322 436 1385 ⁵dlr?
468 1326 585 1386 ‘Merito
606 1325 751 1383 adversus
772 1326 854 1382 illum
878 1326 1100 1398 conspiremus,
1133 1326 1230 1381 cultor
1246 1329 1291 1380 est
1320 1322 1546 1392 daemoniorum,
1579 1322 1669 1380 bostis

370 1427 443 1499 ‘dei,
464 1426 560 1486 boeres
582 1428 691 1485 oetmni
709 1421 824 1506 rpnisl'
851 1440 1054 1498 nequaquam,
1082 1424 1137 1482 sed
1156 1425 1327 1496 nepauit'se
1347 1439 1410 1480 esse
1431 1422 1539 1480 bostem
1562 1422 1666 1480 Crosa-

368 1530 428 1599 ris,
452 1529 510 1586 imo
532 1528 661 1601 quotidie
682 1543 773 1586 orare
793 1544 824 1584 se
842 1511 900 1600 pro
922 1527 1002 1584 illius
1022 1527 1237 1596 incolumitate,
1265 1525 1301 1583 ob
1318 1523 1470 1597 publicum
1490 1525 1665 1597 tranquilli-

370 1634 470 1688 tatem.
509 1632 554 1689 sic
574 1632 651 1688 enim
674 1629 797 1688 decebat
817 1629 856 1686 ab
875 1630 1012 1701 episcopo
1036 1627 1203 1685 Christiano
1218 1625 1361 1700 proferri
1381 1626 1542 1682 ueritatem.
1573 1624 1654 1694 (luo-
1667 1635 1737 1684 §.ssu

371 1731 460 1788 modo
480 1737 577 1788 autem
600 1730 737 1790 Hilarius
757 1729 859 1788 scribit
882 1728 1051 1787 Constantio
1071 1745 1156 1786 suam
1178 1744 1271 1801 apeus
1292 1721 1438 1786 causam?
1459 1742 1555 1783 noune
1575 1729 1667 1784 multa

337 1838 466 1902 ¹0tacet,
488 1834 582 1890 inuua
601 1832 783 1902 dissimulat,
805 1834 898 1890 multa
919 1831 1060 1889 blandius
1080 1831 1153 1888 dicit
1169 1845 1259 1902 quom
1277 1845 1336 1903 pro
1358 1830 1438 1887 illius
1458 1823 1584 1886 merito?
1603 1829 1669 1887 Imo

371 1934 515 2007 ouornodo
534 1934 648 1992 Paulus
669 1935 733 2005 opit
752 1947 875 1991 causam
897 1946 982 1988 suam
1003 1930 1089 2004 apud
1112 1931 1256 2001 Felicem,
1291 1929 1409 1988 Festum
1430 1935 1459 1988 et
1481 1927 1669 2003 Aprippnm?

371 2051 410 2091 on
436 2035 513 2092 nibil
532 2036 596 2092 illic
620 2040 699 2093 tacet
722 2029 809 2093 ueri?
841 2049 881 2091 nn
903 2049 962 2091 non
987 2047 1102 2091 summo
1123 2033 1258 2090 comitate
1277 2031 1357 2103 quod
1378 2046 1479 2088 riuum
1500 2037 1544 2088 est
1560 2034 1666 2105 proto-

316 2118 322 2129 ⁸
371 2131 495 2209 purtim?
525 2134 603 2206 outa
621 2137 713 2207 iaitur
734 2141 777 2193 cst
798 2137 829 2193 in
850 2134 906 2193 boc
926 2149 989 2192 meo
1018 2134 1097 2192 dicto
1118 2135 1313 2206 sacrilcpum,
1334 2148 1391 2205 pcr
1414 2134 1546 2205 inpulum
1568 2145 1734 2195 roco-soso.
1796 2170 1798 2173 v

367 2236 501 2309 pcndnm
521 2243 550 2294 ct
570 2236 707 2294 incendio
729 2231 873 2309 dippum?
904 2252 963 2295 non
983 2234 1077 2310 pudet
1096 2235 1177 2297 bunc
1199 2236 1230 2293 in
1252 2233 1359 2313 talibus
1380 2234 1468 2305 napis
1488 2237 1562 2292 tales
1579 2239 1666 2293 euci-

342 2344 440 2396 ntare
459 2333 646 2410 trapoedias?
667 2336 733 2394 Iam
758 2339 812 2395 illn
832 2352 891 2394 non
909 2337 1008 2396 dubito
1030 2339 1101 2410 pitin
1122 2336 1255 2394 omnibus
1277 2336 1436 2392 uideantur
1449 2352 1512 2394 esse
1525 2337 1734 2417 ridiculosam.

370 2453 440 2512 qttoe
459 2441 585 2499 somniat
606 2439 644 2496 de
661 2454 728 2496 meo
748 2439 792 2497 ad
807 2438 956 2498 Romanos
975 2437 1175 2513 profectione,
1199 2437 1237 2494 de
1251 2453 1378 2517 occursu
1391 2437 1607 2508 cardinalium,
1628 2440 1665 2497 de

369 2540 634 2613 pratulatiouibus,
656 2539 694 2598 de
713 2540 859 2599 donariis.
902 2539 978 2599 Hoec
999 2542 1097 2598 mincis
1115 2539 1243 2598 ridicule
1261 2541 1401 2611 properet,
1423 2541 1450 2596 si
1474 2554 1520 2597 me
1541 2541 1600 2597 iarn
1624 2542 1668 2597 ad

371 2640 539 2700 Romanum
558 2643 615 2700 iter
636 2642 844 2701 accinxissem.
887 2642 980 2715 Atque
1006 2641 1055 2700 bic
1076 2641 1170 2700 subito
1189 2658 1229 2700 cu
1259 2647 1433 2699 aeacsalorc
1456 2639 1560 2712 sactus
1582 2657 1656 2699 con-
1669 2649 1736 2699 taso.

370 2744 479 2812 sutton,
512 2742 708 2802 admonetur
730 2742 853 2801 credam
882 2740 997 2813 fucatis
1023 2744 1136 2801 amicis.
1188 2742 1366 2802 domicum
1389 2745 1520 2801 animum
1548 2759 1586 2801 ac
1609 2760 1668 2817 pro
1721 2779 1725 2789 =

332 2846 469 2902 absolute
489 2858 556 2902 meo
577 2845 651 2903 mire
672 2839 846 2902 sollicitum!
878 2845 923 2902 nil
943 2859 1017 2918 opus
1038 2848 1082 2903 est
1099 2845 1207 2902 talibus
1234 2845 1441 2904 monitoribus:
1477 2846 1581 2902 melius
1607 2848 1667 2903 scio

370 2945 446 3017 quid
464 2951 575 3018 apator
598 2945 702 3005 Roma
730 2961 820 3019 quom
845 2945 1000 3003 Hulleuus.
1050 2945 1197 3004 Festimrm
1223 2952 1252 3003 et
1277 2947 1366 3018 illud,
1395 2947 1476 3019 picod
1494 2963 1561 3005 cum
1583 2948 1659 3006 nibil
1669 2957 1736 3006 §asa

370 3049 500 3105 omnium
517 3048 658 3122 probarit
677 3065 746 3121 oua
767 3048 859 3116 dixit,
882 3049 912 3104 in
932 3048 994 3118 linc
1013 3053 1106 3105 mouet
1127 3046 1268 3118 affectus,
1303 3055 1423 3106 reuocat
1443 3064 1501 3120 me,
1531 3049 1669 3123 deplorat

372 3151 464 3207 uicem
481 3151 591 3220 mcum,
614 3148 738 3208 subinde
752 3151 942 3208 miserescens
957 3151 1016 3206 ntci
1023 3192 1029 3218 ,
1050 3164 1156 3206 rursus
1173 3147 1312 3207 dubitans
1326 3164 1366 3205 an
1381 3148 1490 3220 dipuics
1504 3152 1558 3207 sira
1575 3153 1667 3224 ipsius

371 3251 591 3322 misericordia,
612 3250 738 3308 credens
759 3252 877 3309 interim
899 3266 930 3309 sc
951 3250 1027 3307 dare
1051 3249 1140 3306 uerba
1161 3249 1271 3306 mundo
1290 3251 1428 3321 iunctum.
1460 3248 1539 3317 Ouid
1559 3257 1656 3309 aulem
1668 3257 1736 3307 soso.
1824 3291 1828 3297 .

329 3368 364 3407 'cs
374 3353 492 3410 stultius
518 3367 607 3425 quom
635 3367 681 3409 me
710 3352 780 3410 iude
808 3366 949 3410 reuocare
976 3350 1027 3408 ubi
1051 3365 1203 3422 nunquam
1222 3349 1351 3421 suerin,
1384 3357 1413 3407 et
1436 3364 1470 3407 co
1492 3367 1598 3409 cacare
1619 3352 1670 3409 ubi

372 3449 462 3512 sum?
487 3463 606 3512 reuocet
626 3470 646 3510 a
666 3453 806 3526 partibus
821 3454 1029 3528 pessimorum,
1051 3453 1104 3523 qui
1120 3452 1272 3510 stabiliunt
1290 3450 1478 3524 tyrannidem
1494 3449 1668 3510 Romanen-

372 3557 463 3624 sium,
485 3557 538 3628 qui
557 3555 728 3614 subvertunt
740 3556 942 3627 euoupelicam
963 3555 1131 3624 ueritatem,
1153 3555 1205 3626 pai
1225 3553 1386 3613 obscurant
1398 3553 1525 3623 pluriam
1542 3553 1668 3612 Christi:

373 3656 458 3728 alqui
473 3656 618 3715 aduersus
639 3659 707 3715 istos
728 3671 844 3730 semper
866 3655 972 3714 bellum
989 3657 1077 3727 pessi.
1115 3657 1221 3714 inuitat
1241 3660 1338 3712 aulem
1360 3654 1404 3711 ad
1423 3662 1542 3728 partem
1565 3659 1666 3731 ipsius,

372 3773 463 3831 quum
485 3758 558 3816 mibi
578 3758 708 3816 nondum
730 3761 841 3817 constet
858 3757 909 3816 ubi
925 3759 964 3814 sit
976 3756 1131 3817 Hulleuus.
1165 3758 1272 3816 Verum
1293 3755 1342 3815 bic
1360 3757 1474 3814 interim
1492 3772 1582 3829 copor
1601 3759 1657 3815 cte-
1669 3736 1736 3819 §.iou

339 3859 512 3918 nsiderarc
532 3860 674 3919 iudicium
694 3859 829 3931 Hulleui,
850 3874 940 3931 quum
962 3865 1022 3917 tota
1041 3859 1101 3918 bac
1117 3861 1249 3918 motione
1266 3857 1367 3929 saciat
1385 3874 1430 3916 me
1447 3858 1592 3917 bominem
1612 3877 1669 3917 ccr-

373 3961 540 4032 nissimum,
573 3963 765 4029 leuissimum,
800 3961 1112 4033 inconstantissimum,
1145 3971 1173 4020 et
1200 3964 1253 4034 qui
1283 3960 1384 4032 frusto
1414 3962 1505 4034 punis
1531 3965 1670 4021 reuocari

371 4063 481 4135 possim
495 4064 527 4120 in
544 4062 692 4120 diversam
705 4067 837 4135 portem,
857 4063 1044 4138 imbecillem,
1068 4065 1284 4135 meticulosum,
1306 4050 1489 4135 euoupucm,
1509 4064 1583 4137 quill
1595 4081 1669 4139 opus

373 4170 417 4221 cst
438 4164 526 4221 talem
547 4163 579 4221 in
603 4163 729 4235 sortium
758 4165 889 4222 uirorum
914 4172 1018 4238 parles
1044 4167 1185 4235 incitare,
1219 4167 1346 4223 amicum
1373 4154 1557 4242 ἐφήμερον,
1577 4146 1617 4224 ἐί
1642 4168 1670 4223 si

370 4269 554 4339 perseveret,
576 4264 652 4323 nibil
668 4266 755 4323 uliud
771 4281 861 4339 paam
876 4267 1035 4336 sicuinicm,
1054 4273 1086 4323 ut
1102 4266 1203 4324 Groeci
1215 4266 1333 4337 dicunt,
1351 4261 1521 4322 auxilium?
1542 4267 1604 4323 Sed
1620 4267 1658 4323 de
1668 4278 1735 4326 §.nou

340 4366 506 4424 osLutbero
531 4383 569 4425 oc
583 4368 724 4441 pontifice
751 4368 811 4425 iam
838 4367 925 4437 satis,
953 4368 1074 4439 opinor,
1103 4366 1213 4424 dictum
1235 4373 1294 4432 est,·
1321 4380 1401 4423 nunc
1424 4368 1563 4437 pecaniam
1585 4370 1667 4425 locus

374 4468 525 4539 admonet,
555 4483 657 4542 pauca
681 4468 720 4526 de
740 4468 869 4526 moribus
888 4469 960 4525 meis
980 4466 1178 4540 respondebo,
1209 4482 1281 4539 quos
1306 4467 1450 4539 promittit
1469 4482 1500 4523 se
1523 4474 1668 4540 perpetuo

374 4569 566 4629 deiecturum.
607 4577 640 4628 ut
666 4584 769 4627 uereor
793 4585 831 4626 ne
853 4567 909 4626 boc
936 4567 1034 4626 libello
1062 4569 1158 4639 napis
1184 4566 1332 4625 deiecerit
1360 4581 1428 4624 suos
1454 4582 1549 4624 mores
1579 4583 1667 4640 priam

373 4686 469 4738 meos;
490 4686 529 4728 ac
547 4669 687 4741 mutassis
708 4673 771 4745 ipse
787 4670 947 4729 consultius
961 4668 1085 4741 fecerit,
1107 4670 1135 4726 si
1149 4668 1267 4727 studeat
1280 4670 1341 4726 suis
1358 4667 1486 4725 moribus
1506 4675 1667 4741 contepen-
1759 4737 1762 4743 Ι

374 4812 578 4823 ...ο-,ῥοφ-

441 4887 802 4954 ¹⁶somn.]Expost.§.li)5.
841 4886 861 4918 ¹⁹
875 4884 993 4950 othnam]
1008 4887 1044 4935 cf.
1059 4883 1269 4952 Expost.§.157.
1310 4882 1552 4935 ²⁰solicitorum¹
1593 4884 1665 4936 '’es.

373 4976 486 5042 Expost.
500 4977 540 5036 βξ.
554 4973 612 5023 2⁸26.
621 4990 678 5038 sqq.
731 4971 753 5003 ⁸³
772 4963 870 5038 ἐφήμ]
889 4972 984 5020 Voluit
1002 4961 1174 5035 ἐφημέριον,
1193 4970 1274 5017 unius
1292 4969 1362 5031 diei,
1382 4971 1501 5029 varium,
1522 4971 1557 5020 od
1575 4972 1667 5020 subita

374 5076 463 5111 rerum
488 5057 647 5108 flexibilem.
716 5055 740 5089 ³⁴
759 5055 860 5122 συκίνη
880 5048 1031 5119 ἐπικουρία
1054 5053 1281 5106 Μαοατ.ῊΙ.83.
1334 5051 1357 5084 ³⁴¹
1376 5055 1665 5123 Expost.§§.·.'37.sq.

1376 5139 1442 5199 20*
