4367 6084
488 698 532 770 14
598 711 744 764 CCXXIX.
764 727 887 765 uvarum
901 727 930 764 vx
945 712 1131 766 nrssouvumi
1143 729 1314 767 xnnxxnavu
1327 732 1487 770 ruvacrrvx.
1505 733 1592 775 narr.
1606 726 1666 770 1521.

485 904 567 970 mare
589 883 701 944 tantillo
724 892 774 943 tuo
796 865 969 962 interposito
992 893 1107 946 terrore
1129 887 1289 947 extinctum
1312 888 1346 947 iri
1369 895 1428 948 tam
1457 888 1586 949 validum
1614 891 1671 950 iam
1704 898 1782 950 tam·

485 1007 542 1065 que
565 988 714 1063 eorrccptis
736 985 847 1045 viribus
869 986 1036 1046 incendium
1059 988 1135 1047 boc?
1157 1007 1246 1048 ausus
1269 1008 1301 1049 es
1322 997 1427 1067 putare
1442 997 1540 1050 tamen
1557 992 1667 1050 exustis
1682 1009 1782 1067 nuper

485 1087 567 1147 libris
590 1088 728 1147 infractos
750 1095 920 1147 nostrorum
943 1090 1071 1156 animos,
1095 1107 1154 1148 non
1178 1091 1306 1155 irritatos
1328 1091 1421 1168 magis
1443 1098 1472 1150 et
1487 1091 1696 1151 exacerbatos?
1720 1091 1779 1150 Sed

417 1188 550 1249 §.tt-baec
573 1191 714 1249 meus-sit
737 1197 926 1266 maneatque;
950 1207 1045 1268 neque
1068 1198 1099 1249 tu
1123 1192 1278 1269 ‹pxicquam
1302 1192 1376 1252 aude
1396 1192 1517 1269 posthac
1533 1195 1666 1270 segnius,
1690 1200 1780 1271 atque

485 1292 532 1349 isti
555 1290 683 1359 habenas
706 1290 741 1349 da
765 1290 974 1375 impetentem,
1004 1291 1136 1351 furorem
1159 1291 1239 1361 laxa,
1268 1293 1385 1352 effunde
1414 1295 1584 1353 amentiam:
1621 1294 1804 1372 aliquandos

484 1391 553 1451 illud
577 1393 671 1452 aderit
693 1390 819 1468 optabile
842 1398 972 1469 tempus,
1001 1393 1054 1451 ista
1076 1411 1108 1451 se
1130 1396 1295 1454 necessaria
1318 1393 1398 1453 dabit
1420 1395 1510 1462 bora;
1540 1397 1675 1471 prolecto
1697 1397 1779 1454 enim

483 1512 633 1570 nunquam
657 1492 779 1552 inultum
803 1494 877 1551 leret
899 1494 1028 1552 inustum
1051 1493 1130 1554 bunc
1152 1495 1207 1555 sibi
1223 1495 1380 1555 Germania
1402 1494 1552 1565 dolorem,
1575 1514 1673 1575 neque
1688 1497 1780 1572 igitur

485 1596 551 1672 quia
576 1594 626 1653 diu
650 1595 721 1663 lert,
745 1611 806 1652 non
828 1593 983 1671 aliqnando
1006 1595 1163 1655 vindicabit
1185 1615 1266 1657 suam
1291 1597 1440 1656 iniuriam:
1463 1614 1531 1656 nam
1555 1598 1624 1674 quid
1647 1604 1678 1656 tu
1702 1597 1780 1657 banc

403 1737 409 1750 .
486 1696 637 1756 arbitraris
660 1696 743 1755 aliter
765 1695 920 1755 devorasse
943 1714 997 1755 nos
1021 1680 1157 1757 iniectam
1180 1696 1283 1757 abste
1306 1697 1468 1757 molestiam
1491 1686 1579 1775 duam
1608 1706 1640 1757 ut
1668 1698 1779 1758 eaedem

416 1798 571 1875 §.ttpaulo
594 1805 711 1874 postet
734 1797 851 1857 exitium
876 1797 904 1854 iu
934 1805 961 1855 te
989 1799 1193 1858 revomamusl
1227 1798 1354 1858 Proinde
1380 1817 1417 1858 nc
1444 1800 1482 1857 ita
1511 1801 1616 1876 supine
1645 1798 1777 1858 existima
1790 1813 1817 1853 ¹⁰

486 1917 575 1975 agere
597 1918 651 1958 nos
674 1905 724 1958 aut
745 1899 782 1957 ita
812 1917 876 1958 esse
904 1900 1104 1966 executientes,
1139 1904 1172 1958 ut
1198 1899 1269 1958 dum
1299 1907 1331 1958 tu
1361 1901 1422 1975 agis
1449 1899 1527 1969 bac,
1561 1898 1632 1959 nibil
1660 1901 1779 1959 interim

485 2003 646 2078 cogitcums
669 2005 737 2069 nos,
760 1998 833 2058 nibil
854 2000 1067 2076 prospiciamus
1089 2007 1140 2060 aut.
1162 2002 1350 2070 inveniamus.
1396 2001 1505 2061 munus
1534 2020 1592 2080 quo
1621 2002 1704 2060 istam
1734 2005 1778 2059 in-

484 2104 609 2162 tendatis
631 2104 796 2161 animorum
820 2108 985 2161 vestrorum
1008 2101 1245 2170 effrenationem,
1270 2120 1328 2179 quo
1351 2103 1441 2161 ruatis
1464 2102 1585 2161 consilio
1609 2103 1664 2160 isto
1679 2110 1778 2162 vestro

485 2205 626 2281 precipiti
649 2211 678 2262 et
700 2202 796 2269 devio;
819 2203 936 2263 scimus.
982 2221 1077 2280 neque
1101 2204 1138 2260 ita
1161 2204 1295 2279 imparati
1318 2222 1436 2271 sumus,
1465 2210 1497 2262 ut
1520 2221 1693 2272 occurrere,
1724 2204 1777 2262 ubi

415 2308 576 2366 sevisum
600 2307 702 2373 luerit,
734 2322 794 2362 non
816 2304 970 2380 possimus.
1015 2322 1206 2381 nunquama
1235 2303 1317 2363 vobis
1339 2304 1440 2364 oculos
1467 2305 1652 2364 divertimus:
1688 2306 1814 2364 etiamrs

411 2397 421 2417 ¹
464 2408 534 2485 cviii
562 2407 695 2466 locorum
717 2406 829 2483 ‘spaciis
857 2405 1064 2482 disiungimur,
1099 2407 1203 2465 animis
1231 2412 1329 2465 tamen
1357 2423 1450 2484 prope
1481 2406 1630 2465 constituti
1658 2424 1776 2473 sumus;

453 2486 458 2493 „
485 2526 519 2565 ex
543 2508 668 2585 quadam
692 2508 774 2583 (prasi
797 2504 892 2580 vigilia
914 2506 944 2564 in
966 2525 1056 2583 opera
1080 2508 1177 2566 omnia
1200 2514 1311 2576 vestra,
1336 2507 1424 2566 etiam
1446 2507 1475 2565 in
1497 2507 1660 2567 orationem
1682 2489 1777 2567 inten-

416 2619 473 2685 52¹³·
485 2608 589 2667 dimus
642 2607 718 2678 Quid
734 2609 796 2665 *est
828 2609 905 2665 enim
938 2606 1010 2676 lroc,
1047 2608 1126 2686 quod
1160 2627 1228 2667 cum
1256 2615 1298 2666 tu.
1317 2606 1394 2667 illam
1424 2598 1595 2686 praeclaram
1624 2607 1777 2668 habuisses

390 2722 398 2736 ·
483 2710 646 2768 orationem
673 2724 784 2784 paucos
812 2716 878 2768 ante
907 2708 983 2775 dies,
1014 2728 1068 2787 ego
1101 2710 1170 2788 quid
1199 2708 1292 2786 pridie
1321 2708 1443 2769 dixisses
1471 2728 1547 2769 nona
1576 2711 1672 2769 statim
1702 2710 1787 2787 liora

447 2787 458 2801 ¹
484 2810 624 2886 postridie
653 2809 701 2868 bic
729 2809 874 2869 intellexit
907 2810 948 2869 sie
971 2810 1153 2880 desidamus,
1186 2808 1347 2879 bleauder,
1378 2811 1578 2886 satagentibus
1599 2810 1699 2879 vob'm,
1733 2813 1812 2872 sicco

415 2911 655 2971 §.tt-dormimus.
701 2911 773 2971 Cum
795 2910 878 2971 valde
906 2912 1038 2971 admiror
1065 2913 1197 2978 interim,
1233 2912 1302 2990 quid
1330 2915 1367 2972 sit
1394 2912 1473 2991 quod
1501 2912 1587 2972 (lillisi
1615 2912 1774 2990 evangelio,

484 3012 568 3071 ‹lillisi
591 3013 682 3072 sacris
704 3011 796 3072 literis
819 3021 846 3071 et
869 3013 1031 3073 Christiana
1055 3014 1175 3072 veritate
1198 3014 1413 3091 oppugnandos
1443 3014 1544 3073 edictis
1570 3032 1625 3072 nos
1654 3021 1775 3091 putave-

482 3114 554 3173 ritis.
600 3116 681 3193 quasi
703 3114 796 3173 xillvrm
819 3116 909 3190 possit
932 3132 995 3174 esse
1017 3121 1077 3174 tam
1092 3113 1218 3173 validum
1234 3116 1419 3192 imperatoris
1435 3115 1577 3182 edictum,
1601 3114 1680 3192 quod
1696 3113 1775 3198 illam

482 3215 636 3276 labefactet
669 3216 755 3275 divini
789 3215 869 3276 verbi
905 3215 1093 3284 soliditatem,
1131 3223 1181 3275 aut
1206 3234 1276 3276 vero
1306 3224 1447 3294 perpetua
1475 3218 1513 3275 sit
1541 3217 1604 3276 haec
1633 3217 1775 3294 principis

482 3318 630 3385 voluntas,
664 3336 720 3377 nec
749 3320 904 3377 momentis
931 3318 960 3377 iu
993 3319 1172 3378 contrarium
1203 3317 1357 3377 inritabilis.
1401 3319 1479 3395 finge
1501 3335 1570 3377 vero
1599 3334 1678 3384 esse,
1715 3335 1808 3379 nouas

414 3420 559 3480 §.uteret
581 3429 676 3481 tamen
701 3419 834 3478 Christus
856 3419 932 3487 lranc
960 3422 1023 3479 lieri
1052 3418 1258 3480 contumeliam
1286 3419 1354 3486 sibi,
1384 3438 1442 3478 nou
1472 3420 1554 3478 leret.
1600 3419 1774 3496 Qtranquarn

483 3521 678 3600 cousyderare
700 3528 729 3581 te
752 3521 839 3581 iubeo
862 3521 931 3599 quid
956 3539 1151 3581 concessurus
1173 3520 1329 3598 aliquando
1352 3520 1498 3597 putandus
1518 3520 1555 3578 sit.
1575 3519 1692 3578 abonis
1708 3521 1775 3579 viris

483 3625 692 3691 conuuonituS,
722 3623 806 3680 annis
830 3629 890 3680 tum
913 3621 1017 3681 melior
1041 3628 1068 3681 et
1091 3622 1271 3700 experientia
1300 3624 1393 3681 lactus
1425 3621 1611 3699 prudentior,
1640 3621 1689 3698 qui
1718 3619 1775 3679 hoc

483 3724 589 3791 aetatis,
613 3722 665 3780 abs
688 3730 716 3781 tc
738 3721 787 3781 tali
810 3723 969 3799 impostore
993 3723 1223 3791 circumventus,
1252 3723 1328 3782 istud
1352 3723 1430 3800 quod
1453 3731 1485 3782 tu
1507 3723 1549 3781 sic
1572 3721 1699 3789 exultas,
1732 3722 1774 3781 sic

414 3823 662 3899 §.rctriumpbas
687 3840 765 3882 nuuc
787 3822 903 3882 edicere
927 3822 1081 3880 sustinuit?
1105 3830 1185 3882 certe
1207 3823 1284 3883 aliud
1307 3805 1498 3901 respondebit
1512 3831 1597 3883 tunc:
1621 3824 1678 3882 iam
1695 3802 1807 3982 e*

482 3926 693 3983 circumsessus
715 3943 731 3982 a
754 3922 874 3982 rubellis
896 3922 1060 4001 galericulis
1082 3941 1140 3982 uon
1164 3943 1234 3984 suus
1257 3933 1316 3993 cst;
1340 3927 1448 4003 quippe
1471 3925 1521 3985 ubi
1545 3942 1608 3984 esse
1624 3923 1698 3991 vult,
1723 3943 1774 3982 vs

481 4024 653 4102 religionem
680 4025 801 4085 insertis.
847 4025 904 4083 Sed
933 4043 1085 4103 epirotasque
1115 4026 1247 4094 taudem,
1283 4045 1450 4105 qvxousque,
1485 4026 1629 4103 improbi,
1656 4028 1772 4103 optima

412 4139 471 4188 §.xx
482 4125 579 4187 indole
595 4126 707 4203 praediti
723 4127 833 4186 iuvenis
849 4126 977 4187 bonitate
993 4126 1170 4188 abutemini?
1192 4128 1237 4188 'lu
1260 4116 1461 4206 veroffiaudo
1478 4128 1594 4187 taudem
1611 4145 1773 4202 cognosces

481 4228 588 4305 quibus
610 4229 639 4286 in
662 4236 691 4287 te
713 4228 817 4288 animis
839 4228 896 4286 sint
917 4229 965 4287 hic
986 4228 1138 4288 lromiuesl
1161 4229 1278 4307 ‹puarrdo
1300 4229 1408 4289 senties
1430 4248 1504 4307 quos
1524 4229 1633 4289 habeas
1648 4247 1773 4306 operum

479 4338 598 4391 tuorum
621 4332 830 4390 aestimatores?
853 4328 930 4389 Nihil
952 4330 1118 4390 intellexisti
1141 4332 1273 4407 proxima
1290 4330 1438 4390 auditione
1454 4350 1521 4390 curn
1537 4329 1635 4389 multis
1651 4329 1770 4408 quidem
1782 4355 1807 4396 ³5

479 4451 636 4493 excusares
651 4432 798 4492 ludaieam
815 4432 973 4509 originem,
997 4450 1084 4491 nemo
1100 4430 1259 4490 obiiceret?
1281 4450 1348 4491 uani
1365 4451 1430 4491 esse
1447 4430 1572 4500 malum,
1596 4449 1772 4509 quacunque

480 4535 565 4594 etiam
589 4543 675 4611 geute
698 4535 823 4601 editum,
847 4533 978 4593 sciebant
1001 4551 1121 4599 omnes:
1146 4533 1242 4610 itaqrve
1265 4551 1352 4592 nemo
1375 4552 1554 4611 magnopere
1577 4532 1699 4612 putabat
1722 4551 1771 4609 ge-

480 4639 559 4696 neris
582 4637 752 4714 pravitatem
773 4635 825 4695 tibi
847 4634 1054 4704 obiiciendam3
1078 4633 1232 4693 adversum
1254 4652 1352 4705 mores
1368 4634 1532 4694 fremebant
1547 4634 1661 4693 iulense
1677 4632 1769 4703 mvdti.

360 4786 361 4789 ,
410 4746 509 4802 §.rect
532 4746 645 4814 poterat
667 4740 768 4798 sentiri
790 4738 847 4797 iarn
871 4738 1021 4798 manifeste
1043 4755 1109 4814 quae
1131 4744 1209 4797 esset.
1230 4737 1394 4796 animorum
1418 4735 1590 4804 commotio;
1617 4742 1648 4795 tu
1673 4743 1771 4795 tamen

479 4841 561 4915 qiiasi
584 4838 641 4910 illic
663 4840 845 4915 potissimum
869 4840 1079 4917 expurgatione
1102 4857 1176 4916 opus
1199 4846 1289 4905 esset,
1314 4837 1412 4897 multis
1427 4837 1572 4897 tractabas
1587 4836 1685 4897 locum
1702 4857 1805 4901 eumn

513 5021 717 5072 ²·³cf.n.ccx.
746 4999 970 5073 ¹⁰revocamus6.
1009 5022 1170 5088 ”effrena
1198 5023 1450 5072 ”circunsessusL
1479 5021 1768 5088 ’lquidemdetevitlh
