4367 6084
312 736 315 748 '
401 737 559 794 cccuvn.
578 755 715 793 curauoo.
729 756 937 794 cvcvaaarron.
950 755 1055 792 erasm
1067 719 1112 792 nii.
1126 754 1162 791 no
1175 754 1316 792 corausti.
1329 755 1355 791 o.
1369 749 1403 792 ao.
1418 753 1475 791 mu.
1491 749 1550 791 ruat.
1583 723 1655 797 397

365 915 485 978 diosius,
505 932 557 972 nec
576 916 701 989 attingo,
720 915 793 990 quod
813 924 951 989 utmnque
972 915 1155 972 condonatam
1175 914 1300 971 amicitia
1320 922 1436 971 nostrae:
1462 924 1490 971 et
1512 914 1558 971 ille
1579 922 1658 989 puta·

365 999 412 1055 bat
434 1017 554 1073 aequum,
575 1009 607 1057 ut
629 1000 664 1057 uh
686 1009 843 1077 excusatum
862 998 1029 1073 colloquium
1051 1000 1090 1055 sic
1107 999 1319 1057 debaccharetur
1342 1000 1368 1054 in
1383 1000 1511 1062 amicum,
1534 1001 1614 1074 idque
1630 999 1658 1055 in

366 1084 481 1157 gratiam
502 1085 583 1142 unius
605 1094 652 1141 aut
674 1085 801 1146 alterius,
831 1084 991 1158 quibuscum
1013 1092 1184 1140 contraxerat
1211 1101 1306 1141 novam
1335 1083 1491 1146 amicitiam,
1523 1085 1574 1158 ipsi
1602 1101 1658 1140 nou

366 1185 465 1242 niagno
487 1169 605 1225 futuram
629 1171 700 1225 usui.
742 1170 769 1225 Si
788 1169 854 1226 lalsa
872 1169 984 1225 crimina
1003 1168 1080 1224 falsis
1103 1168 1283 1231 retaliassem,
1307 1186 1358 1243 par
1379 1170 1439 1242 pari
1461 1169 1575 1225 relatum
1590 1178 1657 1231 erat.

339 1253 419 1311 anisi
444 1255 517 1327 quod
537 1253 709 1328 plausibilior
729 1263 771 1309 cst
793 1255 852 1309 cius
881 1271 975 1314 causa,
1005 1254 1050 1326 qui
1081 1253 1223 1309 lacessitus
1250 1253 1343 1326 prodit
1373 1253 1400 1306 in
1425 1270 1558 1326 pugnam:
1587 1271 1658 1309 nuuc

366 1337 481 1394 acerbus
504 1338 597 1394 videor
618 1339 679 1412 qui.
701 1339 740 1394 sic
762 1338 903 1394 lacessitus
926 1346 967 1393 tot
990 1338 1190 1412 sycophantiis,
1221 1355 1254 1393 uc
1280 1338 1350 1392 roris
1372 1337 1481 1413 quidam
1502 1356 1533 1394 ac
1555 1337 1658 1412 populo

367 1422 441 1478 notis
466 1423 624 1478 criminibus
649 1422 748 1478 abutor
775 1424 808 1479 ad
832 1423 883 1477 inci
911 1422 1106 1478 defensionem.
1152 1422 1206 1477 lam
1235 1423 1261 1477 in
1289 1422 1414 1478 invidiam
1437 1423 1488 1478 mei
1514 1421 1659 1495 vulgarunt

366 1506 473 1562 llartini
488 1507 600 1562 Luthcri
619 1507 761 1581 epistolam
784 1508 908 1581 privatim
931 1508 962 1562 ad
985 1508 1099 1562 amicum
1118 1507 1246 1579 scriptam
1266 1506 1299 1562 dc
1318 1505 1454 1580 Spongia:
1477 1514 1607 1579 quantum
1623 1508 1660 1561 sit

366 1590 430 1646 huic
450 1590 561 1647 Luthcri
584 1591 683 1647 iudicio
703 1592 889 1652 tribuendum,
912 1591 939 1646 in
960 1591 1105 1664 praesentia
1129 1608 1184 1647 nou
1205 1591 1331 1664 disputo:
1359 1608 1401 1652 me
1422 1599 1496 1648 certe
1516 1591 1583 1646 nihil
1601 1609 1658 1646 mo·

333 1683 427 1736 iavet:
449 1674 515 1731 illud
537 1676 663 1750 requiro,
692 1694 763 1749 quur
787 1678 833 1750 qui
856 1674 924 1731 lianc
946 1674 1089 1749 epistolam
1113 1674 1270 1735 ediderunt,
1303 1691 1358 1730 nou
1385 1677 1476 1731 cadem
1499 1693 1582 1749 opera
1602 1674 1659 1730 rul-

367 1767 467 1831 garunt
487 1760 618 1833 epistulas
639 1760 757 1834 Philippi
779 1758 1008 1821 hlelanchthonis,
1037 1760 1136 1832 quihus
1164 1754 1234 1814 hunc
1255 1759 1365 1814 hutteni
1393 1769 1519 1815 conatum
1542 1761 1659 1815 detesta-

370 1852 415 1899 tur
436 1851 466 1899 ut
488 1845 646 1917 pestiferum
668 1845 824 1918 evangelico
848 1845 977 1917 negocio,
999 1852 1027 1899 ct
1049 1860 1103 1899 non
1125 1842 1208 1898 semel
1228 1844 1358 1899 insaniam
1374 1853 1459 1899 vocat.
1502 1844 1570 1900 Sunt
1587 1845 1659 1918 apud

368 1945 410 1983 me
433 1935 489 1983 tres
509 1927 582 1984 illius
604 1928 728 2002 epistolar
751 1930 782 1985 ad
806 1930 928 1985 diversos
949 1929 1051 1984 arnicas
1071 1929 1195 2002 scriptae,
1225 1928 1251 1983 iu
1280 1928 1379 2001 quihus
1407 1937 1550 1985 execratur
1570 1929 1660 1985 rahio·
1734 1914 1752 1933 “

368 2029 415 2067 sos
436 2011 544 2069 libellos
567 2031 637 2086 quos
657 2012 738 2068 nobis
760 2013 874 2069 subinde
896 2013 979 2068 mittit
1000 2029 1098 2067 norum
1123 2013 1174 2067 hoc
1194 1995 1376 2084 eriugenam:
1406 2031 1558 2087 quanquam
1580 2012 1660 2087 plura

335 2111 360 2151 ra
370 2097 481 2171 scripsit
495 2095 565 2152 aliis.
604 2096 638 2152 Ea
654 2107 780 2171 premunt
796 2098 920 2152 homines
935 2096 1034 2158 callidi,
1050 2097 1158 2152 iuterim
1174 2097 1285 2151 furiosis
1301 2105 1328 2152 et
1343 2099 1484 2171 anonymis
1499 2106 1545 2154 aut
1561 2097 1660 2171 pseutl·

368 2181 527 2255 epigraphis
555 2181 653 2237 libellis
679 2182 893 2242 debacchantur.
921 2189 947 2236 et
974 2190 1038 2255 post
1064 2181 1120 2236 hauc
1148 2181 1248 2236 iactant
1273 2198 1302 2236 sc
1331 2199 1382 2255 pro
1409 2182 1549 2255 evangelio
1570 2184 1660 2238 decios

369 2265 439 2320 mori
459 2273 578 2339 paratos.
622 2264 698 2332 Quor
726 2266 812 2339 igitur
838 2283 893 2321 non
914 2267 1013 2321 docent
1037 2266 1146 2321 homae?
1175 2282 1272 2337 magna
1293 2274 1336 2321 est
1357 2267 1422 2322 virae
1445 2267 1518 2323 vocis
1540 2267 1659 2339 energia.

369 2367 441 2422 quur
461 2367 516 2405 non
535 2349 734 2406 debacchantur
755 2351 781 2405 in
803 2352 934 2407 (laesuram
958 2368 1034 2423 aaquc
1057 2359 1139 2422 atquc
1164 2348 1337 2422 pontificem?
1364 2352 1427 2423 quia
1452 2352 1542 2407 minus
1573 2359 1660 2407 tutum

369 2442 421 2489 est.
466 2433 514 2489 Uhi
539 2434 623 2506 igitur
641 2444 732 2490 rutum
755 2436 894 2509 martyrii?
922 2437 999 2490 Certe
1026 2435 1124 2490 docere
1144 2433 1307 2496 debuerant,
1336 2435 1359 2489 si
1383 2435 1479 2491 nolunt
1502 2453 1659 2509 provocare.

333 2517 428 2573 aoh'on
444 2537 488 2573 me
502 2520 572 2590 fugit
591 2520 642 2574 hoc
663 2519 747 2574 luisse
768 2518 911 2575 consilium
928 2520 1113 2592 quorundam,
1134 2519 1180 2593 qui
1203 2536 1232 2574 sc
1256 2518 1324 2575 ialso
1344 2520 1443 2575 iactant
1465 2520 1596 2593 evangelii
1611 2536 1661 2575 no·

370 2603 456 2663 miue,
487 2611 517 2658 ut
539 2621 580 2658 mc
603 2602 702 2659 libellis
725 2604 840 2659 rabiosis
858 2603 1022 2665 ohrucrcnt,
1050 2620 1083 2658 nc
1107 2604 1171 2676 quid
1190 2602 1301 2658 molirer
1323 2604 1350 2659 in
1371 2604 1532 2661 Lutheruua:
1560 2599 1662 2677 lingant

369 2686 518 2760 lapidatum
540 2687 697 2748 Erasinum,
726 2706 759 2743 an
788 2687 850 2743 ilico
879 2706 923 2744 rcs
945 2688 999 2743 illis
1026 2689 1093 2744 huuc
1117 2689 1153 2743 sit
1176 2687 1319 2743 habitura?
1351 2706 1399 2745 nec
1422 2690 1609 2763 perpendunt,
1637 2689 1660 2743 si

369 2771 435 2826 mihi
453 2780 525 2827 tanta
545 2780 617 2828 essct
641 2771 786 2828 ulcisccmli
806 2772 904 2834 lihiilo,
928 2782 1028 2845 quanta
1051 2772 1105 2828 illis
1122 2772 1253 2834 lactlendi,
1281 2781 1451 2848 quantopere
1474 2782 1501 2829 ct
1524 2774 1660 2848 potuerim

370 2864 398 2910 et
419 2857 521 2929 possim
545 2856 660 2912 istorum
682 2875 789 2913 causam
816 2858 946 2930 affligere.
987 2857 1053 2925 Quis
1081 2875 1136 2914 uon
1160 2865 1290 2930 agnoscat
1313 2858 1356 2914 hic
1379 2858 1505 2932 spiritum
1526 2857 1662 2931 evangeli·

335 2953 448 3000 racuiu,
477 2958 531 3013 quo
551 2940 624 2996 mille
646 2941 698 2997 iam
719 2941 797 2998 aunis
819 2942 907 2998 caruit
936 2943 1069 2997 mundus?
1094 2941 1174 3003 Esto,
1203 2943 1238 2997 sit
1258 2941 1441 3015 evangelicum
1462 2942 1548 2999 libcrc
1566 2943 1661 2999 dehac·

369 3025 443 3079 chari
465 3026 590 3081 convitiis
612 3026 639 3081 in
660 3027 771 3088 noxios,
802 3044 891 3103 rerum
921 3027 1069 3082 urimilestis
1098 3026 1243 3081 mendaciis
1264 3027 1394 3100 impetere
1415 3037 1498 3101 caput
1518 3028 1661 3083 immoren-

372 3110 451 3170 tium,
474 3127 508 3165 an
531 3119 559 3166 et
579 3110 649 3166 istuc
671 3111 822 3185 exemplum
846 3110 1030 3182 evangelicum
1057 3112 1118 3165 cst?
1147 3110 1241 3165 Vinum
1265 3110 1383 3166 iufundit
1404 3111 1560 3167 vulneribus
1579 3112 1662 3167 niedi-

369 3201 418 3249 cu's
440 3194 628 3267 erningehem,
652 3195 700 3250 scd
722 3195 790 3251 idem
809 3195 882 3250 addit
900 3194 1003 3257 oleum:
1026 3203 1054 3249 et
1069 3194 1160 3249 viuum
1176 3195 1306 3255 iulimilit,
1327 3212 1381 3250 non
1396 3204 1516 3251 acetum:
1541 3196 1585 3251 isti
1601 3196 1662 3268 qui·

369 3277 429 3333 darn
450 3296 580 3334 rcucnum
603 3279 749 3335 iulunvlunt
770 3297 821 3352 pro
843 3280 920 3341 riuo;
942 3280 1075 3334 neminem
1098 3278 1225 3334 occidunt
1245 3277 1347 3349 glaudio,
1370 3280 1417 3334 sed
1439 3278 1596 3335 sceleratius
1611 3278 1662 3334 liu·

337 3363 436 3434 anguis
458 3371 486 3418 ct
506 3363 623 3425 calamo:
648 3373 676 3418 ct
699 3374 787 3420 tamen
808 3381 863 3420 uon
882 3362 981 3418 hahent
1004 3364 1076 3436 quoil
1100 3362 1230 3418 obiiciant
1251 3363 1330 3423 mihi,
1351 3362 1403 3417 nisi
1420 3364 1493 3436 quod
1508 3362 1591 3419 nolim
1607 3363 1660 3418 mci

370 3446 468 3520 capitis
491 3447 613 3521 periculo
635 3448 759 3521 profiteri
785 3467 846 3522 quae
875 3447 915 3505 vel
944 3465 997 3503 nou
1020 3465 1153 3521 assequor
1173 3445 1213 3501 rel
1236 3465 1288 3520 pro
1307 3447 1396 3502 dubiis
1418 3448 1518 3509 habco,
1542 3446 1583 3503 vel
1605 3464 1660 3503 non

371 3531 459 3604 probo
483 3531 524 3586 rel
549 3530 625 3587 nullo
653 3534 743 3588 fructu
769 3533 944 3606 professurus
975 3533 1033 3587 siin.
1078 3531 1181 3604 alioqui
1209 3532 1270 3604 quis
1298 3531 1376 3605 plura
1402 3532 1512 3605 scripsit
1534 3533 1662 3587 advorsus

372 3615 493 3671 fiduciam
520 3617 750 3678 ceremoniarum,
780 3618 908 3673 adversus
937 3617 1160 3690 superstitionem
1190 3615 1328 3676 ciborum,
1356 3616 1447 3673 cultus
1474 3624 1501 3672 et
1526 3626 1660 3676 votorum.

371 3700 498 3755 adversus
513 3718 562 3756 eos
578 3701 623 3773 qui
639 3700 701 3774 plus
721 3701 844 3756 tribuunt
860 3701 997 3757 homiuum
1012 3701 1171 3757 commentis
1187 3718 1266 3774 quam
1282 3699 1369 3757 literis
1384 3701 1494 3762 iliriuis,
1512 3703 1558 3774 qui
1574 3699 1661 3773 pluris

337 3783 475 3840 aalaciuut
495 3785 623 3841 humanas
645 3786 871 3847 constitutiones,
902 3804 981 3858 quom
1005 3793 1140 3859 praecepta
1159 3785 1215 3846 dei,
1240 3786 1284 3859 qni
1308 3785 1369 3858 plus
1390 3786 1509 3860 praesidii
1526 3784 1663 3842 collocant

373 3868 399 3922 in
420 3869 487 3923 diris
506 3886 587 3942 quam
607 3870 633 3924 in
657 3871 717 3943 ipso
736 3871 858 3931 Christo,
886 3872 1013 3926 adversus
1040 3870 1206 3943 theologiam
1224 3869 1393 3927 scolasticam
1417 3870 1614 3945 philosophicis
1634 3878 1662 3925 ct

371 3953 528 4025 sophisticis
545 3955 661 4025 argutiis
685 3964 855 4028 corruptam,
877 3957 1005 4010 adversus
1029 3955 1207 4010 teineritatem
1231 3954 1336 4027 quidvis
1357 3956 1513 4017 ilelinieuili,
1535 3956 1663 4013 adversus

372 4046 539 4110 praepostera
558 4037 631 4109 vulgi
655 4038 768 4096 iudicia?
791 4037 874 4105 Quam
893 4058 957 4095 vcro
977 4059 1031 4096 non
1056 4040 1178 4095 blandiar
1200 4040 1310 4095 summis
1330 4042 1410 4096 ctiam
1426 4040 1608 4115 principibus,
1631 4039 1663 4094 li·

373 4120 413 4174 liri
437 4122 488 4177 urei
510 4122 576 4177 satis
598 4122 744 4179 declarant.
789 4122 849 4179 llmc
869 4124 975 4198 aliaque
996 4124 1148 4198 permulta,
1174 4143 1235 4198 quae
1263 4142 1313 4198 pro
1342 4125 1452 4181 modulo
1479 4126 1574 4198 gratim
1598 4122 1662 4179 mihi

337 4204 443 4260 turrate
464 4206 557 4267 docui,
578 4217 737 4263 constanter
758 4208 851 4267 docui.
874 4226 928 4264 non
945 4202 1112 4283 'obstrepens
1127 4209 1251 4282 cuiquam
1274 4211 1319 4282 qui
1340 4211 1450 4266 doceret
1472 4210 1592 4267 meliora.
1631 4208 1666 4263 Et

373 4287 499 4345 Erasmus
521 4290 587 4345 nihil
609 4291 703 4347 docuit
725 4292 777 4347 uisi
801 4292 995 4365 eloquentiam.
1038 4294 1143 4348 Utinam
1173 4293 1244 4348 istud
1272 4294 1452 4366 persuadeant
1480 4296 1573 4350 amicis
1595 4294 1663 4349 meis

372 4363 592 4448 potorolo'yorg,
624 4377 669 4448 qui
689 4385 849 4432 constanter
872 4377 970 4431 iactant
993 4377 1121 4450 quicquid
1144 4377 1236 4432 docuit
1256 4377 1392 4432 Luthcrus
1414 4378 1537 4434 hausisse
1559 4396 1574 4434 e
1597 4378 1663 4433 scri·

373 4459 428 4530 ptis
449 4459 523 4514 uicis.
566 4463 672 4516 tametsi
696 4478 750 4515 non
772 4458 877 4515 invideo
898 4459 1003 4533 laudem
1019 4461 1098 4515 istam
1113 4459 1248 4519 Luthero.
1271 4461 1368 4515 haheat
1386 4461 1412 4515 in
1434 4460 1559 4522 solidum,
1581 4462 1662 4516 modo

372 4540 541 4613 glorificetur
561 4544 744 4617 evangclium:
773 4562 875 4599 summa
905 4545 1048 4600 criminum
1072 4561 1194 4599 meorum
1225 4551 1279 4604 cst.
1311 4544 1465 4617 quodsum
1488 4545 1662 4606 moderatior,

336 4634 402 4686 raet
424 4627 477 4682 hoc
493 4628 600 4683 nomine
622 4628 691 4685 male
713 4629 794 4685 audio
816 4629 959 4702 utrinque.
988 4628 1060 4702 quod
1081 4637 1215 4700 utrunque
1234 4637 1339 4701 partein
1362 4629 1457 4684 horter
1475 4630 1507 4684 ad
1531 4628 1663 4702 tranquil·

372 4708 439 4766 liora
462 4712 591 4768 consilia:
620 4713 772 4769 libertatem
802 4730 855 4767 non
885 4714 1010 4787 improbo
1031 4713 1163 4768 charitate
1184 4712 1337 4774 conditam;
1366 4731 1398 4768 es
1426 4713 1533 4770 rabiosa
1553 4713 1662 4770 malodi-

371 4796 459 4851 ceutia
482 4797 547 4870 quid
574 4797 648 4853 nasci
673 4806 764 4871 potest
782 4797 835 4852 nisi
857 4807 969 4853 cruenta
991 4797 1108 4854 seditio?
1136 4797 1163 4852 Si
1190 4814 1240 4852 nos
1264 4797 1409 4853 Romanam
1432 4796 1573 4854 ecclesiam
1595 4799 1663 4855 inla-

440 4977 450 5008 θ
464 4977 557 5043 epist]
571 4978 615 5028 Cf.
629 4993 712 5044 supra
725 4979 854 5044 pdlihsq.
900 4976 918 5011 '¹
934 4977 1027 5046 epist]
1042 4977 1215 5045 vulgavimus
1228 4997 1253 5046 p.
1268 4978 1326 5031 258.
1339 4997 1380 5047 sq.
1426 4977 1449 5014 ⁴²
1460 4980 1600 5048 putarat]
1614 4998 1662 5033 ra·

372 5057 493 5127 niloquis
540 5061 561 5094 ¹²
579 5076 632 5129 non
652 5061 747 5128 semel]
767 5065 860 5126 Immo,
880 5064 965 5114 cernel
978 5071 1084 5115 tantum
1097 5063 1207 5132 μανίαν
1219 5071 1302 5116 vocat
1314 5066 1343 5114 in
1356 5066 1444 5116 tribus
1456 5067 1512 5117 illis
1526 5068 1662 5134 epistulis,
