4367 6084
504 699 577 770 376
614 713 855 763 ct'cxxxxtffl.
870 728 1001 764 rvnrcrvrs
1014 728 1117 763 mum
1131 728 1234 762 anuum
1249 728 1284 762 nn
1299 727 1419 763 sronurs
1433 728 1537 763 asisin
1554 728 1750 762 noannoosur.

504 887 563 944 llaal
579 887 670 960 gladio
687 887 850 957 interiecit),
873 887 1014 943 missarios
1037 887 1105 943 istos
1127 886 1219 942 multis
1239 887 1394 942 nominibus
1412 888 1520 960 peiores
1536 886 1681 943 trucidabit
1701 886 1803 958 glaebo.

504 975 555 1029 hoc
577 980 619 1028 est
635 971 694 1033 oris
712 972 793 1026 divini
815 971 929 1045 spiritu,
953 972 1170 1045 repugnantibus
1186 972 1267 1026 etiarn
1286 972 1412 1027 ominibus
1429 972 1577 1027 urlerorum
1593 972 1691 1044 portis.
1715 973 1804 1045 Atque

503 1058 561 1121 haee
584 1057 691 1131 quidem
712 1057 814 1128 agitat.
837 1055 1007 1129 agitabitque
1029 1056 1136 1112 volente
1159 1057 1211 1112 ileo
1228 1056 1365 1111 Lutlrerus
1389 1055 1451 1117 illc,
1473 1057 1506 1111 de
1529 1074 1584 1129 quo
1602 1056 1710 1111 dubitat
1726 1055 1804 1111 Eras-

504 1160 564 1198 mus
583 1159 646 1197 rrum
670 1141 768 1214 spiritu
789 1140 831 1195 dei
855 1149 966 1214 agatur;
996 1141 1088 1197 itidem
1111 1150 1170 1197 crat
1194 1141 1360 1197 iudicaturus
1381 1141 1521 1202 Erasmus,
1550 1142 1573 1195 si
1601 1141 1714 1196 vidisset
1739 1140 1803 1196 olim

505 1227 605 1282 llcliam
627 1225 782 1280 thesbitem
801 1234 897 1282 contra
921 1223 1074 1281 uuiversum
1102 1225 1183 1281 lsrael
1210 1234 1342 1287 stantem,
1378 1225 1451 1281 illins
1480 1243 1613 1282 erroneos
1640 1225 1684 1280 dei
1712 1223 1826 1298 cultnss

505 1311 687 1370 inlicientem,
713 1310 814 1366 nemini
836 1318 1005 1383 parcentem,
1028 1311 1126 1366 deinde
1150 1328 1213 1367 vero
1235 1311 1316 1366 etiam
1331 1309 1493 1366 baalitarum
1515 1311 1640 1365 iniuriam
1657 1311 1733 1366 terro
1749 1309 1806 1365 sin·

428 1437 432 1449 .
503 1397 646 1452 dicantem.
691 1394 815 1449 Nondum
840 1395 914 1450 lerro
938 1395 1036 1451 occidit
1067 1413 1221 1468 quenquam
1244 1395 1393 1457 botherus,
1425 1396 1496 1452 sicut
1519 1395 1621 1456 Helias,
1657 1395 1705 1450 sed
1731 1396 1804 1468 virga

505 1482 593 1536 terrea
610 1480 681 1551 regit
699 1479 809 1540 orbem,
834 1480 954 1541 mordet,
979 1480 1135 1552 perturbat,
1161 1479 1280 1553 iugulat,
1305 1481 1352 1535 sed
1369 1498 1490 1541 morsos,
1514 1479 1704 1553 perturbatos,
1727 1480 1806 1552 iugu-

505 1566 575 1620 latos
597 1564 708 1637 recipit,
732 1562 834 1636 placat,
857 1572 949 1631 sanat,
969 1565 1133 1637 Christoque
1156 1565 1299 1621 lucrifacit.
1345 1564 1418 1622 llanc
1440 1564 1605 1620 laboriosam
1629 1573 1727 1620 contra
1758 1566 1806 1619 im·

505 1650 635 1724 pietatem
666 1649 804 1722 pugnandi
836 1649 1001 1722 provinciam
1028 1650 1178 1705 contemnit
1206 1648 1332 1705 Erasmus
1362 1651 1388 1704 in
1414 1667 1494 1705 suurn
1524 1649 1666 1704 maximum
1694 1649 1840 1708 malumto

505 1734 645 1806 dulcique,
670 1733 720 1788 boc
743 1741 786 1788 est
809 1732 906 1789 blando
931 1733 1029 1806 poculo
1053 1734 1116 1789 huic
1139 1734 1223 1790 totius
1246 1733 1321 1789 orbis
1344 1733 1415 1789 malo
1437 1734 1537 1790 mederi
1553 1743 1684 1793 conatur,
1706 1741 1805 1788 eontra

506 1819 672 1874 nriulicorom
693 1818 932 1880 cotrsnetndinem,
962 1819 1095 1892 siquidem
1118 1835 1173 1891 quo
1195 1818 1305 1890 gravior
1325 1819 1449 1879 morbus.
1479 1819 1530 1874 hoc
1552 1819 1686 1873 atoariore
1707 1818 1806 1892 pocula

506 1903 679 1977 quantumvis
701 1901 902 1958 fastidientibus
919 1904 1031 1975 aegrotis
1050 1903 1337 1976 murmurantibusque
1356 1903 1515 1976 plerumque
1532 1902 1704 1959 adhibentur.
1729 1902 1806 1968 Quod

507 2006 596 2042 amara
619 1983 683 2042 sunt
705 1986 819 2060 pocula,
842 1988 906 2060 quid
927 1988 959 2043 ad
981 1988 1129 2043 medicum?
1158 1987 1269 2042 morbus
1291 1988 1374 2059 exigit
1395 1988 1562 2048 huiusmodi,
1592 1987 1644 2042 nisi
1668 1986 1746 2042 malit
1767 1988 1807 2042 iu·

443 2136 446 2145 ¹
507 2073 600 2128 burnus
624 2072 709 2134 mori;
743 2071 828 2127 nihilo
855 2071 933 2145 peior·
953 2081 995 2128 est
1015 2072 1150 2133 medicus,
1181 2073 1252 2144 quod
1275 2089 1364 2128 amara
1392 2081 1456 2128 snut
1480 2072 1592 2144 poeula,
1626 2089 1715 2145 neque
1741 2086 1841 2127 veron

506 2157 632 2213 convenit
655 2164 789 2229 aegrotum
813 2156 893 2211 irasci
913 2157 1018 2212 medico
1042 2164 1095 2213 tarn
1119 2156 1241 2212 acerbam
1265 2174 1321 2212 rem
1343 2157 1513 2230 porrigenti,
1548 2156 1601 2211 imo
1631 2174 1682 2212 suo
1705 2155 1806 2212 morbo

507 2243 640 2296 irascatur
661 2240 790 2313 ultroque
813 2249 941 2314 precetur
962 2241 1095 2297 medicum
1119 2250 1149 2295 ut
1170 2249 1274 2315 pergat.
1314 2242 1434 2297 bothero
1466 2240 1597 2296 fidissimo
1622 2241 1727 2297 medico
1756 2241 1808 2296 ira-

507 2327 593 2381 scitur
611 2326 723 2380 maxima
742 2325 880 2381 hominum
898 2344 975 2399 pars,
999 2327 1080 2381 etiam
1096 2326 1288 2399 sapientissimi
1305 2335 1332 2381 et
1347 2325 1495 2381 doctissimi
1513 2325 1591 2380 multi
1610 2341 1683 2398 aegre
1703 2327 1808 2385 lerunt,

508 2419 653 2484 propterea
675 2411 746 2482 quod
771 2410 881 2466 nimium
906 2410 1002 2466 acerba
1026 2410 1122 2484 poeula
1145 2409 1249 2484 populo
1277 2411 1456 2465 administret.
1495 2409 1550 2467 llue
1574 2411 1713 2484 pertinere
1736 2411 1808 2465 vide·

509 2505 553 2550 tur
574 2493 640 2549 illud
660 2495 850 2549 Terentianum
875 2494 971 2550 ‘Facile
993 2513 1086 2549 nutries
1105 2512 1165 2550 cum
1186 2494 1319 2555 valemus,
1342 2503 1415 2550 recta
1432 2494 1545 2550 consilia
1562 2495 1675 2567 aegrotis
1690 2494 1844 2549 damus’m

508 2578 548 2634 llli
570 2578 695 2634 videntur
715 2579 766 2633 sibi
790 2576 875 2652 probe
903 2578 990 2633 valere
1020 2587 1208 2652 spernuntque
1235 2578 1379 2635 consilium
1409 2579 1452 2635 dei
1475 2580 1603 2635 adversus
1631 2579 1835 2652 semetipsos„

509 2663 687 2718 iustificantes
709 2680 738 2716 sc
760 2680 850 2717 corant
874 2663 1044 2724 hominibus,
1066 2664 1182 2737 proinde
1198 2662 1331 2719 laboranti
1350 2663 1498 2737 plebeculae
1519 2664 1638 2719 invident
1657 2663 1809 2724 medelanr;
1836 2684 1843 2715 ;

507 2766 537 2800 ex
562 2745 618 2801 suis
639 2746 727 2801 saxeis
750 2745 926 2802 conscientiis
949 2748 1100 2802 metiuntur
1121 2749 1345 2820 cognoscentium
1371 2766 1430 2803 sese
1451 2748 1646 2810 enumeratam
1676 2747 1724 2821 qui
1749 2748 1810 2820 qui·

506 2832 565 2885 dem
589 2829 715 2885 lubentes
735 2830 912 2885 instituerent
935 2831 1031 2893 deum,
1052 2832 1074 2885 si
1100 2832 1201 2888 rediret
1224 2834 1255 2889 ad
1278 2851 1326 2888 eos
1341 2832 1526 2905 evangelium,
1549 2850 1621 2888 nunc
1640 2850 1700 2888 curn
1726 2833 1809 2894 redit,

507 2915 535 2969 bi
554 2914 642 2970 levant
658 2914 746 2988 capita
762 2932 810 2969 sua
826 2915 985 2987 agitantque
1002 2916 1119 2987 gratias;
1143 2916 1181 2971 illi
1205 2926 1329 2978 monent,
1354 2918 1534 2990 obganniunt,
1554 2918 1707 2979 insaniunt,
1732 2933 1847 2972 mur-ss

508 3007 615 3055 murant
643 2998 784 3072 pharisaei;
818 3007 987 3072 quapropter
1021 3000 1152 3065 suaserim
1183 3001 1307 3063 Erusuuo,
1340 3009 1370 3055 nt
1407 3002 1513 3057 desinat
1542 3001 1611 3057 male
1639 3002 1744 3057 sentire
1773 3002 1809 3057 ile

506 3084 628 3139 Lutlrero
652 3092 705 3139 tam
727 3084 794 3140 bene
818 3084 946 3146 merenti,
970 3085 992 3151 si
1018 3083 1094 3145 vult..
1111 3093 1141 3140 ut
1165 3087 1259 3149 iactat,
1283 3105 1342 3141 osse
1360 3086 1459 3141 Christi
1484 3084 1646 3160 discipulos,
1667 3086 1748 3141 cuius
1766 3095 1810 3141 est

507 3177 535 3224 et
557 3168 708 3230 lutherus,
732 3186 765 3223 rte
788 3186 901 3242 regnum
924 3169 950 3223 in
974 3188 1002 3224 sc
1024 3168 1138 3225 diuisum
1161 3170 1309 3226 desoletur.
1353 3171 1410 3226 Non
1436 3172 1533 3233 relert,
1556 3171 1630 3243 quod
1645 3170 1809 3244 complures

507 3254 658 3310 abutuntur
680 3254 792 3309 Lutheri
815 3253 900 3309 libera
922 3254 1060 3313 doctrina:
1090 3254 1145 3309 imo
1175 3256 1268 3327 potius
1290 3257 1392 3329 cogitet
1415 3255 1516 3311 multos
1544 3273 1604 3309 essc
1628 3255 1739 3328 quidem
1763 3273 1810 3309 vu-

507 3347 597 3399 catos,
623 3357 723 3412 paucos
746 3356 809 3394 vcro
830 3338 948 3394 electos:
972 3340 995 3394 si
1018 3339 1096 3412 pauci
1119 3347 1183 3394 sunt
1205 3340 1299 3399 electi,
1323 3341 1408 3396 maior
1431 3340 1568 3395 homiuum
1593 3357 1656 3413 pars
1673 3340 1757 3413 impia
1773 3340 1849 3396 sitae

508 3432 633 3498 oportet;
669 3441 821 3496 quanquam
843 3441 898 3479 non
920 3424 1040 3479 dubitem
1064 3440 1096 3479 ea
1120 3424 1232 3479 Lutheri
1254 3425 1377 3482 doctrina
1400 3423 1528 3480 meliores
1556 3424 1677 3497 quamvis
1702 3442 1809 3497 paucos

509 3508 631 3564 homiues
654 3507 726 3569 lieri,
750 3526 829 3581 quarn
853 3526 867 3563 c
891 3508 1064 3582 papistarunr
1081 3509 1163 3563 etiam
1184 3507 1368 3565 selectissinais
1383 3509 1516 3565 doctrinis
1532 3508 1572 3564 vel
1591 3525 1674 3564 unum
1691 3508 1810 3564 burnun-

507 3592 612 3648 culum:
636 3611 696 3648 naur
719 3601 857 3666 nequeunt
878 3593 910 3647 de
934 3592 1020 3666 spinis
1041 3590 1135 3665 colligi
1159 3610 1230 3653 uvae,
1253 3602 1280 3648 et
1297 3593 1379 3649 arbor
1396 3594 1464 3649 mala
1483 3594 1577 3667 nequit
1597 3593 1670 3648 lerre
1686 3592 1810 3649 fructum

508 3677 616 3738 bonnm.
637 3677 807 3750 quantumvis
823 3678 903 3732 etiam
922 3676 1125 3749 refragantibus
1140 3677 1379 3751 superstitiosulis.
1403 3678 1520 3733 Primum
1533 3678 1665 3752 papistica
1676 3678 1808 3749 dogmata

508 3762 712 3836 hypocritarum
736 3769 922 3835 propagarunt
945 3762 1112 3817 inrmmerarn
1135 3761 1349 3823 multitudinem,
1382 3762 1550 3835 euangelium
1573 3780 1606 3817 ne
1631 3779 1714 3816 uurrm
1746 3764 1846 3835 qui-ss

507 3847 583 3907 deru;
608 3863 696 3918 neque
720 3863 783 3901 vero
805 3847 920 3907 nurum,
950 3845 1082 3919 siquidem
1104 3863 1138 3901 ne
1160 3863 1191 3901 ex
1214 3847 1328 3902 llosaica
1359 3847 1467 3920 quidem
1497 3847 1641 3920 legerere
1669 3846 1732 3901 boni
1758 3847 1807 3901 viri

509 3930 572 3986 laeti
595 3939 672 3991 sunt,
698 3930 748 3985 nisi
770 3938 903 4002 qnatenus
925 3930 1008 3985 adiuti
1032 3930 1189 4004 evaugelio;
1217 3931 1356 4005 papisticae
1385 3931 1544 3987 traditiones
1568 3940 1669 4005 praeter
1699 3931 1807 3986 inanem

508 4013 674 4086 hypocrisim
696 4015 819 4069 lecerunt
843 4015 923 4069 etiarn
944 4014 1031 4088 palam
1054 4015 1154 4077 malos,
1179 4033 1286 4078 avaros,
1311 4014 1477 4088 petulantes,
1502 4014 1667 4087 sacrilegos,
1691 4014 1806 4070 nebulo·

508 4115 571 4157 nes,
596 4097 776 4159 temulentos}
799 4099 1004 4160 contentiosos,
1028 4099 1161 4172 pertidus,
1190 4100 1331 4155 missarum
1355 4100 1521 4161 venditores,
1549 4100 1623 4155 aurci
1649 4099 1804 4173 purgatorii

507 4182 701 4244 somniatores,
726 4181 850 4238 animalia
874 4183 990 4245 ventris,
1014 4185 1072 4240 otio
1091 4184 1290 4244 deditissimus,
1314 4184 1463 4245 Guatoucs,
1489 4184 1657 4245 Thrasones,
1681 4184 1842 4239 fastidio-«ro

508 4284 567 4327 sos,
592 4267 644 4322 boc
666 4276 707 4322 est
730 4257 909 4338 φιλαύτους,
935 4269 985 4325 hoc
1013 4277 1054 4324 est
1081 4269 1132 4323 (leo
1156 4267 1284 4329 odibiles,
1314 4268 1432 4329 invidos,
1461 4264 1616 4329 iracundos,
1645 4266 1802 4341 reipublice

507 4359 613 4424 pestes.
638 4352 746 4413 edaces,
773 4343 994 4424 nopvolo‘rqog,
1019 4353 1186 4414 immundos,
1210 4351 1348 4408 adulteros
1372 4362 1398 4407 et
1420 4354 1552 4427 pessimos
1579 4369 1719 4425 quosque:
1743 4352 1802 4424 quis

507 4436 577 4491 enim
602 4438 763 4510 compendio
786 4445 910 4493 numeret
934 4439 1085 4493 irriiversam
1109 4437 1302 4510 papisticarum
1324 4437 1445 4493 sordium
1464 4437 1583 4493 lernam?
1605 4444 1687 4510 atque
1711 4437 1738 4491 hi
1757 4435 1801 4508 qui

509 4519 570 4576 talia
593 4521 709 4585 iaciunt,
740 4523 833 4578 loverrt
855 4523 949 4583 etiam,
972 4528 1035 4576 sunt
1058 4521 1187 4594 primates
1211 4521 1237 4576 iu
1259 4540 1343 4595 regno
1363 4522 1512 4596 papistico,
1532 4520 1632 4595 quibus
1652 4537 1707 4575 uon
1725 4537 1802 4575 secus

508 4623 569 4661 eum
585 4606 696 4662 bertheri
711 4606 834 4662 doctrina
849 4606 975 4662 convenit
991 4615 1071 4678 atque
1089 4605 1143 4677 igni
1160 4623 1219 4660 cum
1236 4624 1305 4679 aqua
1321 4624 1368 4663 sen
1386 4606 1471 4680 paleis
1487 4624 1547 4661 eum
1564 4605 1669 4666 tritico;
1686 4605 1713 4659 hi
1730 4611 1799 4663 sunt,
1812 4620 1839 4659 ss

506 4691 539 4745 de
563 4689 661 4762 quibus
684 4689 775 4746 Esaias
793 4690 820 4743 V.
845 4690 899 4763 ‘qui
921 4690 1015 4745 dicunt
1036 4688 1135 4746 uialom
1159 4689 1273 4752 honum,
1297 4698 1324 4745 et
1349 4691 1448 4746 biirmm
1472 4690 1585 4750 malum,
1610 4697 1744 4762 ponentes
1766 4696 1803 4742 te·

573 4956 728 5021 ⁴spiritum
749 4958 774 5003 3.
817 4954 840 4987 ²⁰
857 4956 920 5003 Ter.
936 4955 1017 5005 Andr.
1033 4957 1068 5005 11.
1086 4955 1137 5018 l‚u.
1189 4956 1210 4987 ²⁹
1230 4956 1330 5006 multos
1350 4972 1411 5006 esse
1429 4953 1488 5021 cte]
1508 4953 1800 5018 Evaug.see.blatth.

506 5041 564 5088 XX.
574 5039 612 5087 lo.
628 5040 714 5089 xx11.
724 5040 764 5088 ll.
801 5036 820 5069 ⁸¹
832 5036 970 5101 φίλαυτος
982 5042 1038 5088 1.2.
1060 5033 1199 5104 φιλαύτου
1210 5044 1235 5090 3.
1247 5042 1289 5090 sui
1301 5046 1446 5091 ornatores.
1478 5039 1500 5071 ⁴²
1513 5037 1605 5104 scopu]
1620 5039 1800 5088 meretricios.
