4367 6084
437 774 438 778 =
501 744 698 794 cccxxxffl.
720 759 838 793 suonam
853 759 955 792 nussim
969 758 1112 792 snvsnsvs
1126 756 1299 791 ssenumnns
1314 755 1446 790 avisant.
1549 725 1623 796 273

325 915 475 991 unitatis,
496 932 533 973 ea
557 914 641 972 decet
663 915 842 972 Germanum
850 933 862 980 ‚·
894 928 952 970 non
972 915 1088 986 patitur
1107 913 1251 985 abumari
1268 913 1324 970 sibi
1343 913 1463 969 laudem
1482 912 1623 970 leumani-

324 1019 408 1085 latis,
431 1032 469 1074 ea
493 1017 577 1075 decet
593 1018 762 1082 liternum,-
794 1022 885 1084 nepot
904 1016 1049 1071 sustinere
1070 1030 1102 1070 se
1125 1021 1156 1071 ut
1176 1031 1196 1070 a
1218 1030 1364 1086 antoanam
1386 1016 1541 1085 iustipetm·
1561 1016 1622 1071 etel-

323 1133 428 1175 uersus
453 1119 597 1186 amioum,
627 1117 710 1174 decet
737 1115 792 1173 boc
816 1114 926 1186 sortem
954 1131 992 1172 ac
1012 1115 1192 1187 prudentem
1213 1117 1337 1187 equitem
1344 1160 1353 1192 ,
1376 1131 1431 1172 nec
1447 1122 1519 1187 pitto
1539 1117 1621 1172 illum

322 1219 468 1288 ipnorare
488 1234 577 1289 aream
601 1218 676 1275 nibil
702 1219 740 1274 sit
766 1216 953 1274 tribuendum
974 1219 1085 1288 lineriis
1107 1201 1321 1286 delatricibas,
1344 1232 1401 1289 per
1424 1212 1499 1289 orias
1520 1233 1620 1290 scepe-

311 1334 449 1376 ·numero
471 1325 530 1377 tota
551 1321 638 1376 etiam
658 1335 753 1389 repna
773 1318 1000 1385 subvertuntur;
1030 1333 1085 1374 rrec
1105 1315 1188 1388 serpit
1208 1334 1274 1375 eum
1296 1334 1384 1390 quam
1408 1334 1490 1390 acore
1510 1321 1549 1376 sit
1567 1335 1621 1375 re-

322 1421 529 1478 nunciandum
559 1422 713 1489 amieitioe,
739 1422 910 1492 praesertim
939 1434 1008 1491 aute
1036 1420 1155 1475 minime
1182 1421 1316 1490 emporis
1334 1418 1414 1490 suit,·
1448 1433 1538 1490 auam
1560 1436 1617 1477 non

321 1527 431 1578 temere
452 1521 602 1601 capienda
619 1523 657 1577 sit
678 1521 822 1577 aduersus
838 1520 996 1593 probatum
1016 1523 1144 1578 amicum
1164 1522 1302 1594 suspicio.
1336 1527 1483 1593 postremo
1498 1522 1687 1593 acciendos-⁵9.

320 1637 436 1679 morum
459 1637 574 1695 quoque
594 1622 715 1678 laudem
737 1622 793 1678 sibi
813 1622 958 1690 uindicat,
984 1638 1042 1678 non
1064 1628 1163 1693 potest
1186 1623 1269 1679 illum
1295 1621 1406 1712 serpae
1433 1622 1507 1694 quid
1530 1639 1618 1680 reue-

320 1725 427 1780 renna
450 1723 554 1781 debeat
581 1725 692 1781 iuuenis
713 1724 791 1793 seni,
813 1738 904 1792 cano,
927 1724 1037 1793 arnico,
1061 1722 1234 1780 benemerito
1255 1729 1284 1780 et
1305 1723 1516 1780 benemerenti:
1547 1724 1621 1797 orrid

311 1826 400 1881 »enim
422 1840 510 1907 nunc
524 1825 611 1882 aliud
633 1839 691 1895 apo
711 1838 801 1896 quam
822 1823 950 1881 assiduis
973 1825 1044 1880 meis
1065 1823 1216 1881 laboribus
1237 1841 1300 1882 rem
1321 1827 1521 1896 euanpelicam
1539 1841 1618 1898 pro-

319 1921 441 1983 moueo?
471 1926 566 1982 titron
588 1928 680 1997 ipitur
697 1926 846 1997 tlapitium
871 1927 1070 1982 intercesserit
1088 1931 1214 1997 oportet,
1244 1926 1324 1997 quod
1342 1928 1518 1999 compulerit
1535 1927 1617 1984 Hul-

319 2031 418 2083 tenum
444 2026 636 2084 humanitatis
663 2027 820 2084 antistitem
849 2027 963 2089 uiolatis
991 2026 1123 2083 orantibus
1147 2026 1321 2085 Gratiarum
1342 2027 1467 2099 lenibus,
1498 2029 1615 2086 oblitum

318 2129 413 2184 omnis
441 2143 516 2185 meae
541 2127 739 2198 beneficentia
760 2128 916 2200 pristina,
942 2135 1044 2199 spreta
1073 2130 1239 2186 reuerentia
1264 2127 1343 2201 auoe'
1359 2130 1520 2187 debebatur
1547 2131 1616 2188 buic

317 2228 460 2295 caniciei,
483 2244 571 2300 quam
594 2231 690 2302 ipsam
710 2244 822 2300 maana
838 2244 878 2285 erc
893 2234 982 2300 parte
997 2227 1086 2286 debeo
1105 2229 1256 2286 laboribus
1278 2231 1384 2302 quibus
1402 2231 1531 2303 piiblicae
1553 2234 1615 2289 uti-

318 2331 399 2386 litati
415 2331 556 2400 inseruio,
580 2333 664 2388 nulla
684 2331 842 2404 praemissa
863 2332 1111 2402 expostulatione,
1135 2346 1203 2402 aare
1217 2333 1289 2401 fieri
1303 2334 1376 2389 solet
1390 2334 1467 2391 inler
1480 2334 1615 2408 publicos

316 2429 413 2487 bastes
436 2433 527 2502 prius
553 2446 642 2504 quam
667 2433 755 2503 sipna
779 2433 1005 2499 committantur,
1030 2430 1138 2489 librum
1166 2434 1197 2489 in
1220 2431 1380 2490 Erasmum
1401 2436 1546 2506 rrttlaarit,
1573 2443 1614 2493 tot

315 2532 496 2603 mendaciis,
525 2539 566 2590 tot
585 2535 736 2604 conuiciis,
763 2538 803 2589 tot
824 2534 1029 2590 amarulentiis
1051 2533 1182 2604 undique
1202 2532 1383 2593 scatentem?
1415 2535 1479 2594 Non
1501 2538 1685 2609 abraposno.

315 2633 375 2705 ipsi
394 2634 515 2691 laudem
537 2636 680 2700 ueritatis,
704 2633 758 2691 scd
778 2633 833 2692 ltoc
854 2634 969 2692 indicat
992 2635 1059 2707 ipsa
1077 2650 1140 2704 res,
1162 2635 1221 2703 illi,
1244 2651 1333 2708 quum
1352 2636 1418 2695 neec
1439 2639 1610 2711 adornaret,

314 2741 518 2806 suppostorem
544 2734 642 2806 fuisse
666 2737 704 2814 in¹
721 2737 842 2793 consitio
869 2737 955 2807 lonpe
978 2737 1109 2792 omnium
1137 2738 1337 2795 uanissimam.
1386 2740 1529 2798 Ceterum
1552 2743 1612 2798 iam

317 2835 478 2894 audiamus
493 2837 653 2922 borrenda
672 2838 814 2906 erimina,
834 2835 938 2907 quibus
957 2836 1058 2894 dilutis
1078 2839 1192 2894 eteniam
1216 2838 1259 2895 ad
1278 2840 1357 2898 illud
1375 2843 1503 2899 omnium
1526 2850 1612 2901 atra-

315 2938 482 3007 cissimum,
503 2940 531 2997 si
551 2953 653 2996 uerum
669 2945 758 3008 esset,
786 2937 867 3009 quod
885 2952 939 3008 epo
959 2940 1045 3010 prius
1066 2945 1148 2996 stare
1168 2941 1270 2997 solitus
1291 2957 1311 2997 a
1328 2949 1419 3014 parte
1439 2948 1611 3016 euanpeliea

314 3054 396 3096 nunc
424 3039 517 3098 subito
544 3047 672 3097 mutatus
700 3041 731 3096 in
760 3038 908 3095 diuersum
935 3039 1103 3111 apprediar
1129 3046 1217 3098 totum
1244 3045 1429 3114 euanpelium
1454 3062 1515 3103 lena
1543 3061 1610 3103 ciem

315 3139 433 3198 Cbristo
453 3140 635 3210 subuertere,
658 3154 725 3198 cam
746 3139 795 3197 bic
815 3141 878 3213 ipse
893 3140 1016 3197 Hutteni
1034 3140 1150 3198 libellus
1171 3140 1331 3223 offenderit
1351 3159 1397 3202 me
1416 3153 1472 3203 loto
1488 3154 1611 3220 pectore

312 3240 471 3299 sudantem
495 3245 525 3299 in
548 3242 741 3325 prouebendo
769 3244 888 3313 nepocio
915 3242 1099 3313 euanpelico,
1125 3258 1180 3300 nec
1207 3243 1245 3301 ab
1271 3243 1327 3302 boc
1348 3247 1444 3304 studio
1465 3251 1608 3320 conastic-

313 3344 405 3400 oerim
429 3359 559 3416 unquam
582 3346 611 3400 in
634 3346 724 3401 tantis
744 3357 845 3400 rerum
866 3342 1033 3401 tumultibus
1052 3358 1089 3402 ac
1106 3343 1333 3402 discriminibus.
1370 3347 1502 3404 Primum
1517 3350 1681 3420 ipituriat.

311 3446 425 3501 crimen
450 3445 528 3502 illud
547 3452 604 3503 est:
637 3445 722 3503 Inter
743 3447 881 3517 epistolas
903 3461 984 3502 areas
1005 3451 1088 3502 cetat
1116 3446 1254 3518 quiedam
1278 3447 1321 3503 ad
1340 3447 1480 3505 lctcobum
1503 3450 1607 3508 Harb-

311 3552 452 3618 stratum,
476 3549 560 3605 cuius
582 3547 697 3604 initium
715 3553 759 3604 est
780 3547 922 3604 ‘Antebac
947 3548 1056 3617 lepcnti
1074 3544 1172 3618 mibi’,
1197 3564 1285 3620 quarn
1306 3551 1334 3606 si
1352 3551 1402 3607 ceri
1423 3551 1540 3609 evocabit
1559 3553 1607 3609 le-

311 3664 396 3719 pere,
421 3651 560 3721 protinus
586 3650 729 3719 intellipet
754 3664 841 3721 mam
866 3650 904 3706 sit
931 3650 1086 3721 impudens
1106 3651 1258 3708 calumnia
1280 3652 1360 3722 quod
1380 3652 1505 3709 intendit
1527 3652 1606 3710 Hut-

310 3755 415 3813 tenus:
443 3752 599 3823 eapostulo
617 3753 695 3809 euim
720 3752 781 3808 illic
801 3765 867 3807 cum
884 3749 1078 3821 Hoclrstralo,
1100 3752 1180 3824 quod
1200 3755 1415 3811 amarulentius
1437 3769 1525 3826 aream
1549 3756 1606 3812 de-

311 3858 380 3907 ceat
403 3851 568 3924 tbeolopum
596 3855 790 3910 innecteretur
813 3851 1007 3924 Cannicum,
1037 3854 1118 3929 quod
1143 3855 1405 3927 incomparabilem
1432 3857 1525 3913 uirum
1551 3874 1606 3915 co-

311 3954 407 4010 ncitem
430 3969 450 4010 a
472 3969 548 4012 norm
567 3955 675 4027 ,tunila
698 3956 759 4011 suis
775 3955 895 4027 seriptis
917 3954 985 4012 odio
1005 3956 1246 4028 perstrinxisset,
1274 3958 1354 4030 quod
1373 3973 1419 4015 me
1439 3973 1553 4032 quoque
1575 3962 1604 4015 in

311 4053 386 4112 libro
406 4071 492 4126 amm
514 4058 660 4114 aduersus
681 4056 861 4142 Caprrionem
884 4058 1004 4129 scripsit
1025 4057 1062 4113 de
1082 4057 1210 4130 Cabala,
1230 4065 1344 4132 prater
1365 4063 1548 4119 occasionem
1567 4078 1605 4117 ac

311 4157 445 4213 muitum
467 4159 617 4230 attipisset.
658 4157 702 4214 ad
722 4157 755 4215 id
774 4157 855 4229 quod
872 4164 931 4215 tum
954 4160 1154 4230 institueram,
1175 4165 1246 4233 puto
1269 4162 1344 4219 nibil
1361 4171 1601 4236 ornamentorum

311 4273 371 4314 esse
389 4261 632 4330 praetermissum.
668 4258 730 4317 Sed
749 4258 874 4329 offendit
890 4259 1049 4317 Huttenum
1071 4261 1152 4333 qaod
1172 4264 1254 4319 illum
1276 4267 1423 4337 appellem
1446 4263 1670 4328 Reverere-§.on

311 4358 381 4414 dnm
410 4365 541 4432 patrem,
575 4362 664 4434 quusi
691 4376 760 4418 uero
789 4376 847 4417 non
872 4361 902 4416 in
930 4361 1034 4418 mediis
1054 4364 1143 4419 etiam
1170 4362 1252 4422 bellis
1271 4381 1356 4437 repes
1378 4367 1522 4425 bonorem
1541 4383 1604 4424 sese

311 4461 476 4518 solennibus
497 4464 596 4520 titulis.
639 4468 719 4521 certe
740 4464 840 4519 nullus
869 4476 917 4516 am
937 4459 1002 4532 suit
1021 4464 1201 4535 suspiciosus
1220 4473 1333 4538 prater
1350 4467 1528 4540 Haltenum,
1551 4471 1604 4540 oui

311 4577 352 4619 me
375 4562 524 4621 iudicaret
544 4564 688 4622 eiusmodi
703 4565 795 4623 titulis
816 4563 971 4620 adulatum
990 4562 1183 4633 Hocbstrato;
1215 4574 1302 4651 aaut
1323 4572 1375 4641 qut
1395 4573 1476 4628 illum
1499 4572 1600 4643 suspi—

311 4669 451 4741 carentur
469 4666 600 4723 irrisum.
646 4666 701 4724 sed
717 4664 843 4736 offendit
861 4667 952 4735 serio,
972 4665 1051 4737 quod
1072 4668 1101 4723 in
1124 4667 1228 4724 eadem
1245 4673 1475 4741 perstrinnerim
1495 4674 1667 4746 ipsumam.

311 4765 387 4838 ruod
412 4781 507 4837 opens
533 4767 571 4823 de
597 4768 727 4840 epistolis
753 4783 829 4839 quas
852 4767 999 4840 b'apnion,
1024 4765 1187 4838 Buscbius,
1212 4771 1311 4828 Comes
1333 4789 1361 4837 a
1387 4788 1463 4830 noua
1491 4774 1600 4844 darilla

373 4965 394 4996 ¹³
415 4966 591 5017 benfieentiso
612 4972 636 5016 l.
687 4967 707 4999 ¹¹
727 4966 857 5034 casticioi]
879 4969 938 5018 eins
957 4969 1002 5034 qui
1022 4983 1108 5017 annos
1127 4968 1190 5018 LVI
1209 4975 1264 5019 tum
1283 4970 1414 5022 habebnt.
1463 4970 1485 5003 ²⁰
1505 4970 1598 5037 epioe]

311 5051 341 5101 εἴ.
361 5052 477 5115 Expost.
492 5052 515 5111 ξ.
529 5051 570 5099 58.
623 5050 644 5082 ¹⁵
662 5052 756 5102 nulla?
775 5054 817 5102 Cf.
831 5070 857 5118 p.
871 5053 929 5102 270.
944 5055 984 5130 ad¹
992 5070 1017 5103 v.
1030 5053 1071 5101 35.

365 5153 498 5202 vans
518 5152 585 5202 Ore.
605 5167 668 5203 von.
682 5155 718 5203 11.
1342 5138 1379 5199 18
1429 5172 1432 5178 ·
