4367 6084
535 703 608 777 362
646 719 828 771 CCCXXXX.
847 735 883 770 ax
896 735 992 772 tesca.
1005 736 1160 773 canaam
1174 739 1240 774 vrri
1254 739 1433 775 anassem.
1447 713 1568 775 ινττιιζ
1584 740 1666 776 carc.
1680 741 1779 777 noces.

533 903 601 969 quot
619 897 680 951 dies
699 895 888 966 familiariter
909 912 971 951 sum
1001 905 1147 962 versatus,
1175 899 1328 954 decedente
1351 914 1391 954 er
1419 901 1487 953 auia
1509 897 1696 970 Magantina,
1726 901 1754 955 in
1772 918 1828 971 aaa

532 983 649 1038 circiter
669 982 812 1035 biennium
835 988 990 1036 manserat.
1030 983 1172 1038 Adiunxit
1192 984 1294 1038 deinde
1315 999 1346 1039 se
1366 985 1526 1039 Francisco
1548 983 1742 1057 Siccinpcnsi,
1765 1002 1827 1039 cum

533 1068 645 1138 quidem
663 1072 691 1120 et
710 1072 796 1120 antea
814 1066 978 1136 implicatus
995 1065 1102 1136 suisset
1123 1070 1211 1122 motui
1232 1068 1345 1134 bellico,
1366 1085 1447 1139 quem
1468 1068 1583 1140 fecerat
1603 1072 1632 1123 in
1653 1087 1728 1143 apro
1754 1070 1827 1124 Wie-

532 1151 716 1232 tenberpcnsi
737 1148 894 1205 Huttenica
925 1167 978 1206 ens
998 1151 1152 1223 interfecto
1170 1155 1312 1224 populari
1335 1155 1375 1208 ibi
1395 1156 1517 1224 quodam
1544 1170 1613 1220 suo,
1642 1164 1669 1209 et
1692 1156 1738 1208 rei
1757 1156 1827 1209 miti-

532 1237 605 1291 taris
626 1235 749 1289 studium
768 1251 834 1305 pree
854 1249 885 1290 se
903 1235 999 1308 [erret
1017 1243 1046 1290 et
1062 1244 1290 1307 representante
1308 1252 1339 1291 se
1359 1241 1481 1309 imapinc
1500 1247 1616 1295 armata
1634 1241 1762 1294 marina
1780 1242 1847 1294 des

531 1322 697 1375 iectaretur.
741 1319 866 1375 Tandem
887 1321 934 1376 bie
951 1330 1097 1391 postremo
1116 1325 1215 1393 praru
1236 1324 1354 1394 quercia
1376 1325 1484 1394 scripto
1500 1332 1603 1379 contra
1619 1324 1654 1378 1).
1671 1325 1826 1379 Erasmnm

534 1406 757 1475 itoterodamum·
778 1406 866 1468 edito,
895 1407 973 1476 quod
998 1407 1044 1460 iiie
1061 1423 1170 1476 param
1193 1423 1264 1463 sane
1284 1409 1362 1463 malti
1377 1409 1498 1479 sponpia
1521 1409 1688 1480 absterperc
1711 1411 1826 1476 studuit,

532 1508 588 1546 nan
608 1491 714 1559 procat
732 1491 766 1544 ab
789 1490 859 1544 urbe
876 1490 1015 1562 Tigurino
1039 1491 1144 1545 morbis
1165 1492 1315 1563 confectus
1335 1494 1438 1563 quibas
1450 1491 1653 1563 frequentibus
1666 1501 1696 1547 ct
1711 1495 1828 1549 acribus

531 1576 728 1638 laboraverat,
745 1582 862 1629 mortem
882 1576 947 1629 obiit
963 1591 1054 1630 annos
1069 1582 1156 1630 uatus
1171 1581 1305 1629 XXXVI.
1344 1578 1414 1632 Fuit
1433 1579 1577 1632 nobilitate
1593 1585 1621 1632 et
1636 1579 1724 1633 iartde
1742 1592 1825 1649 gerre-

532 1663 573 1716 ris
588 1660 700 1729 antiqui
711 1660 844 1730 inprimis
857 1661 965 1726 clarus,
981 1661 1121 1714 doctrina
1131 1661 1252 1715 erudita
1264 1663 1412 1733 princeps,
1427 1664 1691 1733 impatientissimus
1705 1664 1825 1718 iniuria·
1835 1675 1858 1714 to

532 1762 612 1810 reem,
631 1745 772 1799 libertatis
791 1744 937 1800 immodice
950 1745 1087 1815 cupidae,
1111 1762 1167 1803 aon
1187 1762 1312 1815 prorsus
1334 1747 1445 1803 alicnus
1467 1765 1484 1800 a
1506 1748 1631 1811 seruitia,
1655 1763 1722 1818 quoe
1741 1749 1825 1802 etiam

531 1832 624 1886 arettas
648 1829 802 1884 acerbitate
824 1838 852 1884 et
873 1831 966 1884 minas
986 1831 1122 1884 clemente
1143 1832 1285 1885 interdum
1308 1833 1437 1887 oratione
1463 1831 1654 1886 indicabatur.
1698 1831 1758 1887 Sed
1777 1846 1826 1885 ne·

530 1930 584 1986 que
607 1931 691 1983 opum
720 1914 897 1968 abundantia
925 1929 1016 1985 aeque
1036 1917 1183 1983 corporis,
1212 1916 1241 1968 in
1263 1933 1319 1987 quo
1340 1917 1490 1972 admodum
1510 1916 1617 1986 pusillo
1638 1922 1727 1988 atque
1743 1915 1828 1970 debili

529 2005 623 2055 inerat
644 2000 757 2053 artimus
777 1999 877 2070 ingens
896 2016 932 2054 ac
951 1999 1056 2071 seros,
1078 2000 1186 2054 uiribus
1201 2001 1328 2070 polleas:
1348 2007 1379 2055 ut
1400 2002 1434 2056 dc
1455 2015 1488 2074 eo
1509 2000 1579 2055 mibi
1596 2015 1674 2073 saepe
1697 2003 1727 2054 in
1749 2014 1826 2054 men·

529 2092 582 2140 tem
608 2084 716 2138 uerterit
736 2097 868 2139 versuum
889 2085 992 2154 quibas
1007 2084 1192 2155 perhibetur,
1215 2086 1241 2138 si
1261 2087 1475 2156 respondissent
1496 2087 1570 2141 eires
1588 2092 1675 2158 atquc
1693 2086 1824 2154 potentia
1836 2098 1858 2137 ts

529 2169 727 2224 Demostbenis
744 2171 895 2240 proposito
922 2177 949 2223 et
974 2170 1111 2235 solertim,
1140 2185 1287 2240 nunquam
1314 2168 1408 2241 faisse
1433 2169 1566 2240 futurum
1597 2177 1628 2224 ut
1655 2173 1685 2224 in
1712 2169 1826 2223 Gracia

527 2270 638 2309 summa
658 2268 755 2308 reram
773 2257 918 2323 potiretur
938 2252 1075 2308 Macedo:
1096 2270 1162 2307 nam
1185 2255 1212 2308 si
1231 2254 1350 2309 consilia
1372 2260 1399 2309 et
1417 2262 1538 2310 conatus
1558 2252 1681 2310 Hutteni
1700 2271 1759 2309 non
1777 2257 1825 2310 de-

526 2338 665 2411 fecissent
693 2339 780 2409 quasi
804 2339 886 2393 nerei
913 2340 1064 2407 copiarum
1093 2345 1180 2409 atque
1206 2340 1357 2408 potentiae,
1387 2340 1444 2394 iam
1470 2345 1530 2395 tum
1558 2340 1677 2395 mutatio
1699 2342 1824 2394 omnium

529 2439 627 2478 rerum
650 2423 791 2477 extitisset
812 2429 839 2478 et
867 2424 953 2493 quasi
974 2422 1051 2477 orbis
1077 2429 1171 2477 status
1192 2424 1303 2492 pubifci
1326 2422 1432 2495 incuset
1457 2437 1621 2481 conuersus.
1666 2424 1707 2478 Et
1727 2425 1824 2479 datore

528 2514 622 2564 antem
652 2513 710 2561 tum
740 2507 869 2578 Philippi
885 2506 1116 2562 Meiancbdronis
1143 2524 1178 2561 oc
1205 2515 1303 2563 nostro
1331 2515 1359 2563 et
1383 2509 1579 2579 deploratione
1606 2523 1721 2580 qnoque
1748 2506 1858 2563 cratin

527 2594 613 2664 quiesi
630 2593 704 2646 iusta
722 2590 805 2661 sacta
829 2599 896 2646 sunt
920 2591 1057 2656 Hatteno,
1088 2594 1179 2663 dcqree
1206 2608 1238 2647 co
1272 2594 1300 2646 ia
1323 2594 1425 2648 itinere
1448 2608 1547 2648 uersus
1569 2611 1587 2647 a
1609 2593 1690 2648 nobis
1709 2610 1823 2663 compo·

526 2678 621 2731 sitiet
644 2673 767 2745 refutati
783 2677 900 2747 quietam
922 2681 1064 2730 mortuum
1083 2678 1255 2732 lacerantes.
1299 2678 1329 2732 in
1357 2678 1460 2749 quibas
1480 2694 1544 2733 cum
1567 2675 1724 2733 Luscinius
1745 2679 1822 2749 quis·

526 2941 663 2997 Francus,
683 2941 778 2991 ordine
798 2956 895 3005 eques,
920 2942 1033 3006 ingenio
1052 2944 1187 2993 acerrimo
1206 2947 1234 2992 et
1253 2943 1344 2993 animo
1368 2942 1614 3005 confidentissimo,
1644 2941 1737 2991 literis
1760 2957 1818 3006 per·

526 3040 606 3089 quam
627 3026 763 3086 eruditus,
784 3032 812 3074 et
829 3025 976 3092 litigantes
995 3026 1144 3076 monachos
1164 3043 1225 3077 cum
1245 3027 1387 3092 Capnione
1406 3028 1485 3077 varie
1505 3027 1676 3091 exagitavit,
1697 3032 1726 3075 et
1745 3024 1819 3074 illam

526 3111 677 3160 factionem
696 3117 752 3159 tum
771 3111 879 3175 quidem
898 3110 1149 3159 vehementissimis
1167 3112 1292 3176 seriptis,
1313 3111 1361 3160 sed
1380 3112 1523 3175 aliquanto
1541 3116 1603 3176 post
1616 3111 1701 3160 armis
1714 3125 1819 3174 quoque

526 3195 662 3260 expeditis
675 3195 787 3245 adortus
801 3204 851 3245 est.
872 3196 961 3244 Huius
974 3201 1017 3244 cst
1030 3211 1141 3245 carmon
1155 3195 1319 3261 triumphato
1333 3197 1459 3245 victoria».
1466 3194 1614 3246 Iteucliliui
1634 3211 1696 3244 cum
1710 3196 1818 3259 pictura

525 3281 610 3329 etiam
635 3280 663 3328 iu
687 3280 761 3329 iilius
785 3280 999 3344 conspirationis
1023 3295 1135 3344 gregem
1160 3280 1373 3341 contumelioso,
1399 3280 1446 3329 ubi
1469 3295 1540 3330 unco
1558 3279 1680 3329 trahitur
1698 3277 1816 3344 quidam,

525 3364 571 3428 qui
597 3379 658 3414 aum
676 3364 782 3414 Iudaeus
806 3363 954 3428 aliquando
978 3364 1092 3425 inisset,
1123 3380 1200 3413 suam
1225 3380 1336 3429 operam
1361 3365 1389 3413 in
1412 3365 1554 3430 Capnioue
1584 3363 1711 3414 laedendo
1734 3354 1816 3425 atquc

526 3449 691 3509 evertendo,
717 3449 880 3498 conductam
904 3447 980 3497 illam
1005 3449 1114 3511 quidem
1139 3465 1252 3512 magna,
1279 3455 1308 3497 ut
1331 3449 1509 3508 credebatur,
1540 3449 1662 3512 pecunia
1685 3447 1814 3496 dedisset.

524 3530 534 3563 ⁴
553 3531 689 3598 populari]
710 3535 814 3583 Ioanne
833 3535 957 3583 Hutteuo
974 3532 1111 3583 Ludovici
1129 3534 1149 3582 i.
1204 3532 1224 3563 ¹⁵
1242 3531 1379 3598 versuum]
1398 3532 1507 3584 Anthol.
1523 3533 1612 3582 Graec.
1626 3531 1660 3580 V.
1676 3529 1709 3592 1.,
1723 3528 1768 3581 {ti

522 3649 575 3685 aaut
1163 3651 1187 3702 1·

874 3756 1015 3804 Camerarii
1030 3757 1185 3817 epioramnea
1201 3754 1249 3801 boc
1266 3769 1321 3801 esse
1340 3755 1466 3817 adparet:

831 3838 1073 3888 HVLDERICHO
1092 3838 1266 3887 HVTTENO
1285 3838 1367 3899 uQv.
1388 3836 1497 3887 GERM.

675 3937 832 3998 Nobilibus,
852 3941 875 3987 si
896 3954 949 4003 qua
969 3944 1010 3989 est
1030 3956 1063 3988 aa
1081 3937 1156 4000 laus,
1177 3937 1318 3987 natalibus
1336 3943 1420 3999 ortus,

726 4023 856 4071 Hutteuae
876 4023 980 4087 insigni
998 4029 1144 4073 stemmate
1164 4023 1256 4087 gentis
1275 4038 1366 4086 eques,

674 4108 780 4160 Parvus
799 4112 827 4155 et
846 4123 920 4172 teger
934 4124 1021 4170 eram,
1041 4108 1091 4157 sed
1109 4123 1185 4157 niens
1204 4107 1364 4171 ingentibus
1384 4109 1459 4156 ausis

623 4198 634 4238 t
724 4192 857 4243 Pensavit
874 4192 948 4241 vires
967 4193 1089 4258 corporis
1109 4193 1233 4256 exiguas.

674 4278 742 4338 Quae
760 4292 811 4325 stra
829 4277 863 4326 do
881 4264 981 4341 phagis
999 4278 1123 4327 Francos
1141 4277 1233 4326 madia
1251 4276 1324 4324 inter
1342 4281 1371 4324 et
1389 4275 1503 4325 Hessos

724 4362 842 4411 Nomina
860 4361 958 4423 habet,
979 4362 1058 4412 nobis
1076 4362 1169 4426 patria
1187 4366 1262 4409 terra
1281 4361 1348 4408 tait:

643 4468 649 4479 ¹
673 4448 812 4509 Quantum
832 4461 866 4495 ea
885 4447 920 4496 ab
938 4445 1064 4496 Helvetii
1083 4446 1223 4495 disiuncta
1243 4450 1286 4492 est
1304 4444 1397 4493 littore
1411 4443 1514 4502 Rheni,

622 4543 635 4582 8
724 4533 809 4596 Rupit
826 4530 873 4579 ubi
893 4531 957 4580 vitm
975 4531 1095 4579 stamina
1114 4532 1205 4579 Parca
1224 4545 1300 4586 meae,

672 4617 749 4666 Nuuc
769 4616 849 4665 iaceo
868 4615 962 4664 aetatis
980 4615 1096 4664 ‹lecurso
1115 4619 1237 4680 tompore
1255 4613 1360 4676 primm,

723 4701 777 4749 Hic
796 4699 842 4749 ubi
863 4703 996 4762 congesta
1014 4715 1083 4748 saxa
1102 4699 1229 4749 levantur
1247 4698 1336 4747 humo.

672 4785 785 4834 Artibus
805 4790 833 4833 et
851 4784 951 4832 studiis
969 4785 1107 4833 Musarum
1128 4783 1253 4833 excultus
1271 4783 1396 4832 honestis

613 4879 635 4916 tr
724 4870 841 4918 Miretur
859 4868 971 4917 Latium
991 4883 1051 4932 quoe
1070 4883 1178 4933 quoquo
1197 4867 1303 4931 scripta
1321 4866 1394 4916 dedi.

722 5035 732 5066 Β
750 5038 829 5085 mea?
848 5040 873 5085 2.
