<?xml version="1.0" encoding="UTF-8"?>
<!DOCTYPE html PUBLIC "-//W3C//DTD XHTML 1.0 Transitional//EN"
    "http://www.w3.org/TR/xhtml1/DTD/xhtml1-transitional.dtd">
<html xmlns="http://www.w3.org/1999/xhtml" xml:lang="en" lang="en">
 <head>
  <title>
</title>
<meta http-equiv="Content-Type" content="text/html;charset=utf-8" />
  <meta name='ocr-system' content='tesseract 3.04.00' />
  <meta name='ocr-capabilities' content='ocr_page ocr_carea ocr_par ocr_line ocrx_word'/>
</head>
<body>
  <div class='ocr_page' id='page_1' title='image "./ulrichihuttenie02huttgoog_0437.png"; bbox 0 0 4367 6084; ppageno 0'>
   <div class='ocr_carea' id='block_1_1' title="bbox 517 702 1614 803">
    <p class='ocr_par' dir='ltr' id='par_1_1' title="bbox 517 702 1614 803">
     <span class='ocr_line' id='line_1_1' title="bbox 517 702 1614 803; baseline -0.001 -35"><span class='ocrx_word' id='word_1_1' title='bbox 517 702 590 773; x_wconf 80' lang='grc'>408</span> <span class='ocrx_word' id='word_1_2' title='bbox 714 716 886 767; x_wconf 80' lang='lat' dir='ltr'>cccuxnl.</span> <span class='ocrx_word' id='word_1_3' title='bbox 907 732 1029 767; x_wconf 79' lang='lat' dir='ltr'>uvrurur</span> <span class='ocrx_word' id='word_1_4' title='bbox 1043 732 1080 767; x_wconf 79' lang='lat' dir='ltr'>an</span> <span class='ocrx_word' id='word_1_5' title='bbox 1093 730 1225 803; x_wconf 63' lang='lat' dir='ltr'>anquiren</span> <span class='ocrx_word' id='word_1_6' title='bbox 1238 732 1300 766; x_wconf 75' lang='lat' dir='ltr'>ner.</span> <span class='ocrx_word' id='word_1_7' title='bbox 1314 733 1357 766; x_wconf 80' lang='lat' dir='ltr'>ar.</span> <span class='ocrx_word' id='word_1_8' title='bbox 1381 734 1406 766; x_wconf 83' lang='lat' dir='ltr'>o.</span> <span class='ocrx_word' id='word_1_9' title='bbox 1420 720 1432 766; x_wconf 69' lang='lat' dir='ltr'>l</span> <span class='ocrx_word' id='word_1_10' title='bbox 1445 733 1538 768; x_wconf 69' lang='lat' dir='ltr'>areu„</span> <span class='ocrx_word' id='word_1_11' title='bbox 1554 727 1614 767; x_wconf 75' lang='lat' dir='ltr'>teat.</span> 
     </span>
    </p>
   </div>
   <div class='ocr_carea' id='block_1_2' title="bbox 414 888 1903 3905">
    <p class='ocr_par' dir='ltr' id='par_1_2' title="bbox 414 888 1903 3905">
     <span class='ocr_line' id='line_1_2' title="bbox 414 888 1810 963; baseline -0.002 -15"><span class='ocrx_word' id='word_1_12' title='bbox 414 888 421 900; x_wconf 89' lang='lat'>&#39;</span> <span class='ocrx_word' id='word_1_13' title='bbox 516 902 597 961; x_wconf 82' lang='lat' dir='ltr'>certe</span> <span class='ocrx_word' id='word_1_14' title='bbox 623 890 657 946; x_wconf 94' lang='lat' dir='ltr'>eb</span> <span class='ocrx_word' id='word_1_15' title='bbox 686 890 759 963; x_wconf 93' lang='lat' dir='ltr'>qued</span> <span class='ocrx_word' id='word_1_16' title='bbox 789 890 888 946; x_wconf 92' lang='lat' dir='ltr'>merite</span> <span class='ocrx_word' id='word_1_17' title='bbox 918 890 1108 963; x_wconf 76' lang='lat' dir='ltr'>indignentur,</span> <span class='ocrx_word' id='word_1_18' title='bbox 1138 889 1205 945; x_wconf 86' lang='lat' dir='ltr'>nihil</span> <span class='ocrx_word' id='word_1_19' title='bbox 1233 889 1352 946; x_wconf 92' lang='lat' dir='ltr'>habituri</span> <span class='ocrx_word' id='word_1_20' title='bbox 1380 892 1403 946; x_wconf 91' lang='lat' dir='ltr'>si</span> <span class='ocrx_word' id='word_1_21' title='bbox 1434 891 1566 947; x_wconf 79' lang='lat' dir='ltr'>tortiores</span> <span class='ocrx_word' id='word_1_22' title='bbox 1593 900 1687 947; x_wconf 88' lang='lat' dir='ltr'>esseut</span> <span class='ocrx_word' id='word_1_23' title='bbox 1709 892 1810 947; x_wconf 86' lang='lat' dir='ltr'>animis.</span> 
     </span>
     <span class='ocr_line' id='line_1_3' title="bbox 518 974 1811 1049; baseline 0.001 -17"><span class='ocrx_word' id='word_1_24' title='bbox 518 976 644 1044; x_wconf 79' lang='lat' dir='ltr'>Quamvis</span> <span class='ocrx_word' id='word_1_25' title='bbox 669 982 757 1030; x_wconf 89' lang='lat' dir='ltr'>tameo</span> <span class='ocrx_word' id='word_1_26' title='bbox 780 982 808 1030; x_wconf 89' lang='lat' dir='ltr'>et</span> <span class='ocrx_word' id='word_1_27' title='bbox 831 993 884 1048; x_wconf 85' lang='lat' dir='ltr'>ego</span> <span class='ocrx_word' id='word_1_28' title='bbox 907 974 1048 1031; x_wconf 89' lang='lat' dir='ltr'>irritabilis</span> <span class='ocrx_word' id='word_1_29' title='bbox 1072 975 1195 1031; x_wconf 85' lang='lat' dir='ltr'>irritatus</span> <span class='ocrx_word' id='word_1_30' title='bbox 1218 975 1315 1031; x_wconf 89' lang='lat' dir='ltr'>luerim</span> <span class='ocrx_word' id='word_1_31' title='bbox 1337 976 1449 1049; x_wconf 76' lang='lat' dir='ltr'>sapius.</span> <span class='ocrx_word' id='word_1_32' title='bbox 1472 986 1504 1032; x_wconf 95' lang='lat' dir='ltr'>ut</span> <span class='ocrx_word' id='word_1_33' title='bbox 1519 975 1643 1032; x_wconf 79' lang='lat' dir='ltr'>acerbius</span> <span class='ocrx_word' id='word_1_34' title='bbox 1659 975 1811 1036; x_wconf 80' lang='lat' dir='ltr'>scriberem.</span> 
     </span>
     <span class='ocr_line' id='line_1_4' title="bbox 520 1059 1811 1134; baseline 0 -18"><span class='ocrx_word' id='word_1_35' title='bbox 520 1070 609 1116; x_wconf 87' lang='lat' dir='ltr'>tamen</span> <span class='ocrx_word' id='word_1_36' title='bbox 633 1076 687 1115; x_wconf 92' lang='lat' dir='ltr'>nen</span> <span class='ocrx_word' id='word_1_37' title='bbox 711 1060 762 1114; x_wconf 85' lang='lat' dir='ltr'>teci</span> <span class='ocrx_word' id='word_1_38' title='bbox 786 1059 838 1114; x_wconf 94' lang='lat' dir='ltr'>hec</span> <span class='ocrx_word' id='word_1_39' title='bbox 861 1060 913 1114; x_wconf 89' lang='lat' dir='ltr'>nisi</span> <span class='ocrx_word' id='word_1_40' title='bbox 936 1060 963 1115; x_wconf 93' lang='lat' dir='ltr'>in</span> <span class='ocrx_word' id='word_1_41' title='bbox 985 1061 1139 1134; x_wconf 77' lang='lat' dir='ltr'>pertinaces</span> <span class='ocrx_word' id='word_1_42' title='bbox 1162 1067 1190 1115; x_wconf 90' lang='lat' dir='ltr'>et</span> <span class='ocrx_word' id='word_1_43' title='bbox 1212 1060 1373 1122; x_wconf 88' lang='lat' dir='ltr'>indemites;</span> <span class='ocrx_word' id='word_1_44' title='bbox 1395 1068 1524 1119; x_wconf 80' lang='lat' dir='ltr'>caeterum</span> <span class='ocrx_word' id='word_1_45' title='bbox 1539 1061 1683 1117; x_wconf 88' lang='lat' dir='ltr'>clementia</span> <span class='ocrx_word' id='word_1_46' title='bbox 1698 1068 1726 1116; x_wconf 92' lang='lat' dir='ltr'>et</span> <span class='ocrx_word' id='word_1_47' title='bbox 1741 1077 1811 1116; x_wconf 89' lang='lat' dir='ltr'>mau-</span> 
     </span>
     <span class='ocr_line' id='line_1_5' title="bbox 521 1144 1812 1219; baseline 0 -19"><span class='ocrx_word' id='word_1_48' title='bbox 521 1146 637 1201; x_wconf 90' lang='lat' dir='ltr'>suetude</span> <span class='ocrx_word' id='word_1_49' title='bbox 661 1162 718 1200; x_wconf 89' lang='lat' dir='ltr'>mea</span> <span class='ocrx_word' id='word_1_50' title='bbox 742 1162 808 1216; x_wconf 86' lang='lat' dir='ltr'>erga</span> <span class='ocrx_word' id='word_1_51' title='bbox 830 1152 987 1218; x_wconf 74' lang='lat' dir='ltr'>peccateres</span> <span class='ocrx_word' id='word_1_52' title='bbox 1010 1152 1038 1199; x_wconf 90' lang='lat' dir='ltr'>et</span> <span class='ocrx_word' id='word_1_53' title='bbox 1060 1144 1172 1218; x_wconf 84' lang='lat' dir='ltr'>impios,</span> <span class='ocrx_word' id='word_1_54' title='bbox 1203 1145 1375 1217; x_wconf 88' lang='lat' dir='ltr'>quantumvis</span> <span class='ocrx_word' id='word_1_55' title='bbox 1405 1145 1514 1201; x_wconf 88' lang='lat' dir='ltr'>insanos</span> <span class='ocrx_word' id='word_1_56' title='bbox 1536 1154 1564 1201; x_wconf 91' lang='lat' dir='ltr'>et</span> <span class='ocrx_word' id='word_1_57' title='bbox 1591 1146 1715 1219; x_wconf 89' lang='lat' dir='ltr'>iniquos.</span> <span class='ocrx_word' id='word_1_58' title='bbox 1745 1145 1812 1201; x_wconf 89' lang='lat' dir='ltr'>arbi·</span> 
     </span>
     <span class='ocr_line' id='line_1_6' title="bbox 521 1229 1830 1305; baseline -0.004 -19"><span class='ocrx_word' id='word_1_59' title='bbox 521 1240 581 1286; x_wconf 91' lang='lat' dir='ltr'>trer</span> <span class='ocrx_word' id='word_1_60' title='bbox 603 1230 675 1303; x_wconf 90' lang='lat' dir='ltr'>quod</span> <span class='ocrx_word' id='word_1_61' title='bbox 700 1245 754 1284; x_wconf 94' lang='lat' dir='ltr'>nen</span> <span class='ocrx_word' id='word_1_62' title='bbox 778 1229 858 1284; x_wconf 89' lang='lat' dir='ltr'>mede</span> <span class='ocrx_word' id='word_1_63' title='bbox 882 1235 952 1284; x_wconf 90' lang='lat' dir='ltr'>teste</span> <span class='ocrx_word' id='word_1_64' title='bbox 974 1247 1033 1285; x_wconf 88' lang='lat' dir='ltr'>mea</span> <span class='ocrx_word' id='word_1_65' title='bbox 1055 1229 1237 1289; x_wconf 84' lang='lat' dir='ltr'>conscientia,</span> <span class='ocrx_word' id='word_1_66' title='bbox 1266 1229 1313 1284; x_wconf 87' lang='lat' dir='ltr'>sed</span> <span class='ocrx_word' id='word_1_67' title='bbox 1340 1237 1368 1285; x_wconf 92' lang='lat' dir='ltr'>et</span> <span class='ocrx_word' id='word_1_68' title='bbox 1390 1229 1538 1286; x_wconf 82' lang='lat' dir='ltr'>multorum</span> <span class='ocrx_word' id='word_1_69' title='bbox 1560 1231 1727 1305; x_wconf 80' lang='lat' dir='ltr'>experientia</span> <span class='ocrx_word' id='word_1_70' title='bbox 1750 1230 1830 1286; x_wconf 74' lang='lat' dir='ltr'>saties</span> 
     </span>
     <span class='ocr_line' id='line_1_7' title="bbox 521 1312 1811 1388; baseline -0.001 -18"><span class='ocrx_word' id='word_1_71' title='bbox 521 1323 618 1370; x_wconf 89' lang='lat' dir='ltr'>testata</span> <span class='ocrx_word' id='word_1_72' title='bbox 642 1314 686 1368; x_wconf 90' lang='lat' dir='ltr'>sit.</span> <span class='ocrx_word' id='word_1_73' title='bbox 731 1313 775 1369; x_wconf 89' lang='lat' dir='ltr'>Sic</span> <span class='ocrx_word' id='word_1_74' title='bbox 797 1315 928 1369; x_wconf 87' lang='lat' dir='ltr'>hacteuus</span> <span class='ocrx_word' id='word_1_75' title='bbox 950 1313 1042 1369; x_wconf 89' lang='lat' dir='ltr'>stilum</span> <span class='ocrx_word' id='word_1_76' title='bbox 1065 1312 1189 1375; x_wconf 90' lang='lat' dir='ltr'>cohibui.</span> <span class='ocrx_word' id='word_1_77' title='bbox 1212 1323 1352 1387; x_wconf 89' lang='lat' dir='ltr'>utcunque</span> <span class='ocrx_word' id='word_1_78' title='bbox 1374 1331 1511 1388; x_wconf 81' lang='lat' dir='ltr'>pungeres</span> <span class='ocrx_word' id='word_1_79' title='bbox 1534 1332 1590 1376; x_wconf 90' lang='lat' dir='ltr'>me,</span> <span class='ocrx_word' id='word_1_80' title='bbox 1618 1314 1811 1370; x_wconf 87' lang='lat' dir='ltr'>cohibiturum·</span> 
     </span>
     <span class='ocr_line' id='line_1_8' title="bbox 520 1397 1811 1474; baseline -0.002 -19"><span class='ocrx_word' id='word_1_81' title='bbox 520 1416 573 1474; x_wconf 87' lang='lat' dir='ltr'>que</span> <span class='ocrx_word' id='word_1_82' title='bbox 596 1400 677 1455; x_wconf 90' lang='lat' dir='ltr'>ctiam</span> <span class='ocrx_word' id='word_1_83' title='bbox 700 1398 797 1471; x_wconf 89' lang='lat' dir='ltr'>scripsi</span> <span class='ocrx_word' id='word_1_84' title='bbox 820 1399 848 1452; x_wconf 91' lang='lat' dir='ltr'>in</span> <span class='ocrx_word' id='word_1_85' title='bbox 870 1397 958 1453; x_wconf 90' lang='lat' dir='ltr'>literis</span> <span class='ocrx_word' id='word_1_86' title='bbox 980 1398 1011 1452; x_wconf 91' lang='lat' dir='ltr'>ad</span> <span class='ocrx_word' id='word_1_87' title='bbox 1035 1399 1148 1459; x_wconf 86' lang='lat' dir='ltr'>amicos,</span> <span class='ocrx_word' id='word_1_88' title='bbox 1172 1416 1233 1471; x_wconf 87' lang='lat' dir='ltr'>quae</span> <span class='ocrx_word' id='word_1_89' title='bbox 1257 1398 1304 1452; x_wconf 92' lang='lat' dir='ltr'>tibi</span> <span class='ocrx_word' id='word_1_90' title='bbox 1328 1416 1438 1472; x_wconf 90' lang='lat' dir='ltr'>quoque</span> <span class='ocrx_word' id='word_1_91' title='bbox 1459 1398 1538 1455; x_wconf 79' lang='lat' dir='ltr'>lectae</span> <span class='ocrx_word' id='word_1_92' title='bbox 1560 1407 1638 1460; x_wconf 91' lang='lat' dir='ltr'>sunt,</span> <span class='ocrx_word' id='word_1_93' title='bbox 1662 1400 1750 1455; x_wconf 88' lang='lat' dir='ltr'>denec</span> <span class='ocrx_word' id='word_1_94' title='bbox 1770 1416 1811 1472; x_wconf 92' lang='lat' dir='ltr'>pa·</span> 
     </span>
     <span class='ocr_line' id='line_1_9' title="bbox 520 1481 1811 1559; baseline -0.002 -20"><span class='ocrx_word' id='word_1_95' title='bbox 520 1484 572 1539; x_wconf 89' lang='lat' dir='ltr'>lam</span> <span class='ocrx_word' id='word_1_96' title='bbox 595 1483 728 1558; x_wconf 89' lang='lat' dir='ltr'>prodires.</span> <span class='ocrx_word' id='word_1_97' title='bbox 773 1500 833 1538; x_wconf 87' lang='lat' dir='ltr'>nam</span> <span class='ocrx_word' id='word_1_98' title='bbox 864 1490 1001 1557; x_wconf 89' lang='lat' dir='ltr'>utcunque</span> <span class='ocrx_word' id='word_1_99' title='bbox 1027 1499 1085 1559; x_wconf 72' lang='lat' dir='ltr'>¹ueu</span> <span class='ocrx_word' id='word_1_100' title='bbox 1115 1481 1256 1538; x_wconf 90' lang='lat' dir='ltr'>nobiscum</span> <span class='ocrx_word' id='word_1_101' title='bbox 1279 1483 1368 1556; x_wconf 87' lang='lat' dir='ltr'>sapias</span> <span class='ocrx_word' id='word_1_102' title='bbox 1391 1492 1419 1539; x_wconf 89' lang='lat' dir='ltr'>et</span> <span class='ocrx_word' id='word_1_103' title='bbox 1441 1483 1572 1557; x_wconf 82' lang='lat' dir='ltr'>pleraque</span> <span class='ocrx_word' id='word_1_104' title='bbox 1594 1483 1705 1558; x_wconf 89' lang='lat' dir='ltr'>pietatis</span> <span class='ocrx_word' id='word_1_105' title='bbox 1727 1483 1811 1557; x_wconf 82' lang='lat' dir='ltr'>capita</span> 
     </span>
     <span class='ocr_line' id='line_1_10' title="bbox 520 1566 1811 1641; baseline 0.001 -20"><span class='ocrx_word' id='word_1_106' title='bbox 520 1568 562 1625; x_wconf 78' lang='lat' dir='ltr'>vel</span> <span class='ocrx_word' id='word_1_107' title='bbox 585 1568 666 1641; x_wconf 87' lang='lat' dir='ltr'>impie</span> <span class='ocrx_word' id='word_1_108' title='bbox 689 1566 730 1622; x_wconf 82' lang='lat' dir='ltr'>rel</span> <span class='ocrx_word' id='word_1_109' title='bbox 754 1567 914 1623; x_wconf 91' lang='lat' dir='ltr'>simulauter</span> <span class='ocrx_word' id='word_1_110' title='bbox 936 1568 1046 1623; x_wconf 78' lang='lat' dir='ltr'>damnes</span> <span class='ocrx_word' id='word_1_111' title='bbox 1068 1575 1115 1622; x_wconf 90' lang='lat' dir='ltr'>aut</span> <span class='ocrx_word' id='word_1_112' title='bbox 1138 1568 1301 1641; x_wconf 85' lang='lat' dir='ltr'>suspendas.</span> <span class='ocrx_word' id='word_1_113' title='bbox 1325 1568 1500 1640; x_wconf 86' lang='lat' dir='ltr'>pertinaciam</span> <span class='ocrx_word' id='word_1_114' title='bbox 1523 1577 1612 1624; x_wconf 89' lang='lat' dir='ltr'>tamen</span> <span class='ocrx_word' id='word_1_115' title='bbox 1629 1567 1677 1624; x_wconf 90' lang='lat' dir='ltr'>tibi</span> <span class='ocrx_word' id='word_1_116' title='bbox 1696 1567 1811 1623; x_wconf 88' lang='lat' dir='ltr'>tribuere</span> 
     </span>
     <span class='ocr_line' id='line_1_11' title="bbox 521 1651 1838 1727; baseline -0.002 -19"><span class='ocrx_word' id='word_1_117' title='bbox 521 1671 575 1709; x_wconf 90' lang='lat' dir='ltr'>non</span> <span class='ocrx_word' id='word_1_118' title='bbox 599 1670 724 1727; x_wconf 88' lang='lat' dir='ltr'>pessum,</span> <span class='ocrx_word' id='word_1_119' title='bbox 753 1669 841 1725; x_wconf 90' lang='lat' dir='ltr'>neque</span> <span class='ocrx_word' id='word_1_120' title='bbox 864 1652 941 1707; x_wconf 81' lang='lat' dir='ltr'>volo:</span> <span class='ocrx_word' id='word_1_121' title='bbox 971 1669 1042 1708; x_wconf 92' lang='lat' dir='ltr'>uuuc</span> <span class='ocrx_word' id='word_1_122' title='bbox 1064 1660 1154 1707; x_wconf 88' lang='lat' dir='ltr'>autem</span> <span class='ocrx_word' id='word_1_123' title='bbox 1178 1652 1243 1724; x_wconf 93' lang='lat' dir='ltr'>quid</span> <span class='ocrx_word' id='word_1_124' title='bbox 1266 1652 1379 1708; x_wconf 78' lang='lat' dir='ltr'>faciam?</span> <span class='ocrx_word' id='word_1_125' title='bbox 1407 1652 1545 1727; x_wconf 90' lang='lat' dir='ltr'>utrimque</span> <span class='ocrx_word' id='word_1_126' title='bbox 1568 1670 1612 1708; x_wconf 90' lang='lat' dir='ltr'>res</span> <span class='ocrx_word' id='word_1_127' title='bbox 1635 1651 1838 1708; x_wconf 81' lang='lat' dir='ltr'>exacerbatis-tt</span> 
     </span>
     <span class='ocr_line' id='line_1_12' title="bbox 521 1735 1814 1810; baseline -0.002 -17"><span class='ocrx_word' id='word_1_128' title='bbox 521 1739 588 1794; x_wconf 85' lang='lat' dir='ltr'>sium</span> <span class='ocrx_word' id='word_1_129' title='bbox 610 1746 667 1793; x_wconf 88' lang='lat' dir='ltr'>est:</span> <span class='ocrx_word' id='word_1_130' title='bbox 697 1754 749 1810; x_wconf 86' lang='lat' dir='ltr'>ege</span> <span class='ocrx_word' id='word_1_131' title='bbox 773 1744 912 1810; x_wconf 85' lang='lat' dir='ltr'>optarem,</span> <span class='ocrx_word' id='word_1_132' title='bbox 943 1738 966 1792; x_wconf 92' lang='lat' dir='ltr'>si</span> <span class='ocrx_word' id='word_1_133' title='bbox 989 1744 1099 1810; x_wconf 88' lang='lat' dir='ltr'>possein</span> <span class='ocrx_word' id='word_1_134' title='bbox 1122 1735 1179 1791; x_wconf 88' lang='lat' dir='ltr'>heri</span> <span class='ocrx_word' id='word_1_135' title='bbox 1202 1736 1349 1799; x_wconf 89' lang='lat' dir='ltr'>mediator,</span> <span class='ocrx_word' id='word_1_136' title='bbox 1372 1744 1403 1792; x_wconf 92' lang='lat' dir='ltr'>ut</span> <span class='ocrx_word' id='word_1_137' title='bbox 1425 1745 1453 1792; x_wconf 91' lang='lat' dir='ltr'>et</span> <span class='ocrx_word' id='word_1_138' title='bbox 1475 1736 1514 1792; x_wconf 90' lang='lat' dir='ltr'>illi</span> <span class='ocrx_word' id='word_1_139' title='bbox 1536 1736 1695 1793; x_wconf 87' lang='lat' dir='ltr'>desinerent</span> <span class='ocrx_word' id='word_1_140' title='bbox 1717 1745 1745 1793; x_wconf 92' lang='lat' dir='ltr'>te</span> <span class='ocrx_word' id='word_1_141' title='bbox 1769 1736 1814 1791; x_wconf 93' lang='lat' dir='ltr'>im·</span> 
     </span>
     <span class='ocr_line' id='line_1_13' title="bbox 522 1820 1814 1897; baseline -0.002 -19"><span class='ocrx_word' id='word_1_142' title='bbox 522 1830 615 1897; x_wconf 89' lang='lat' dir='ltr'>petere</span> <span class='ocrx_word' id='word_1_143' title='bbox 638 1821 721 1877; x_wconf 88' lang='lat' dir='ltr'>tantis</span> <span class='ocrx_word' id='word_1_144' title='bbox 744 1821 841 1876; x_wconf 89' lang='lat' dir='ltr'>animis</span> <span class='ocrx_word' id='word_1_145' title='bbox 864 1822 1040 1894; x_wconf 87' lang='lat' dir='ltr'>sinerentque</span> <span class='ocrx_word' id='word_1_146' title='bbox 1063 1829 1231 1876; x_wconf 88' lang='lat' dir='ltr'>senectutem</span> <span class='ocrx_word' id='word_1_147' title='bbox 1255 1828 1328 1876; x_wconf 89' lang='lat' dir='ltr'>tuam</span> <span class='ocrx_word' id='word_1_148' title='bbox 1350 1839 1411 1877; x_wconf 89' lang='lat' dir='ltr'>cum</span> <span class='ocrx_word' id='word_1_149' title='bbox 1433 1839 1498 1895; x_wconf 87' lang='lat' dir='ltr'>pace</span> <span class='ocrx_word' id='word_1_150' title='bbox 1521 1822 1548 1876; x_wconf 87' lang='lat' dir='ltr'>in</span> <span class='ocrx_word' id='word_1_151' title='bbox 1576 1822 1688 1878; x_wconf 90' lang='lat' dir='ltr'>domiuo</span> <span class='ocrx_word' id='word_1_152' title='bbox 1718 1820 1814 1876; x_wconf 91' lang='lat' dir='ltr'>obder-</span> 
     </span>
     <span class='ocr_line' id='line_1_14' title="bbox 522 1905 1814 1977; baseline -0.002 -15"><span class='ocrx_word' id='word_1_153' title='bbox 522 1907 605 1963; x_wconf 93' lang='lat' dir='ltr'>mire:</span> <span class='ocrx_word' id='word_1_154' title='bbox 635 1907 659 1962; x_wconf 90' lang='lat' dir='ltr'>id</span> <span class='ocrx_word' id='word_1_155' title='bbox 688 1923 752 1962; x_wconf 89' lang='lat' dir='ltr'>sane</span> <span class='ocrx_word' id='word_1_156' title='bbox 782 1907 918 1968; x_wconf 88' lang='lat' dir='ltr'>lacerent,</span> <span class='ocrx_word' id='word_1_157' title='bbox 949 1923 1007 1961; x_wconf 87' lang='lat' dir='ltr'>mea</span> <span class='ocrx_word' id='word_1_158' title='bbox 1038 1906 1148 1977; x_wconf 89' lang='lat' dir='ltr'>quidem</span> <span class='ocrx_word' id='word_1_159' title='bbox 1178 1906 1328 1967; x_wconf 88' lang='lat' dir='ltr'>sententia,</span> <span class='ocrx_word' id='word_1_160' title='bbox 1358 1907 1381 1961; x_wconf 89' lang='lat' dir='ltr'>si</span> <span class='ocrx_word' id='word_1_161' title='bbox 1409 1907 1543 1962; x_wconf 88' lang='lat' dir='ltr'>rationem</span> <span class='ocrx_word' id='word_1_162' title='bbox 1572 1905 1705 1960; x_wconf 85' lang='lat' dir='ltr'>haberent</span> <span class='ocrx_word' id='word_1_163' title='bbox 1734 1905 1814 1960; x_wconf 87' lang='lat' dir='ltr'>imbe-</span> 
     </span>
     <span class='ocr_line' id='line_1_15' title="bbox 522 1989 1814 2063; baseline -0.002 -16"><span class='ocrx_word' id='word_1_164' title='bbox 522 1991 645 2048; x_wconf 91' lang='lat' dir='ltr'>cillitatis</span> <span class='ocrx_word' id='word_1_165' title='bbox 668 2000 737 2051; x_wconf 82' lang='lat' dir='ltr'>tuae.</span> <span class='ocrx_word' id='word_1_166' title='bbox 761 1998 788 2045; x_wconf 89' lang='lat' dir='ltr'>et</span> <span class='ocrx_word' id='word_1_167' title='bbox 812 1989 1025 2063; x_wconf 83' lang='lat' dir='ltr'>magnitudinem</span> <span class='ocrx_word' id='word_1_168' title='bbox 1041 2008 1144 2052; x_wconf 77' lang='lat' dir='ltr'>causac,</span> <span class='ocrx_word' id='word_1_169' title='bbox 1169 2008 1229 2063; x_wconf 68' lang='lat' dir='ltr'>quaa</span> <span class='ocrx_word' id='word_1_170' title='bbox 1251 1989 1389 2045; x_wconf 92' lang='lat' dir='ltr'>modulum</span> <span class='ocrx_word' id='word_1_171' title='bbox 1412 1999 1487 2045; x_wconf 92' lang='lat' dir='ltr'>tuum</span> <span class='ocrx_word' id='word_1_172' title='bbox 1509 1991 1682 2046; x_wconf 88' lang='lat' dir='ltr'>iamdudum</span> <span class='ocrx_word' id='word_1_173' title='bbox 1706 2007 1814 2063; x_wconf 89' lang='lat' dir='ltr'>egressa</span> 
     </span>
     <span class='ocr_line' id='line_1_16' title="bbox 522 2075 1840 2150; baseline -0.006 -18"><span class='ocrx_word' id='word_1_174' title='bbox 522 2083 578 2137; x_wconf 88' lang='lat' dir='ltr'>est,</span> <span class='ocrx_word' id='word_1_175' title='bbox 602 2076 817 2150; x_wconf 71' lang='lat' dir='ltr'>perpenderent:</span> <span class='ocrx_word' id='word_1_176' title='bbox 841 2075 994 2149; x_wconf 74' lang='lat' dir='ltr'>praesertim</span> <span class='ocrx_word' id='word_1_177' title='bbox 1016 2092 1076 2130; x_wconf 90' lang='lat' dir='ltr'>cum</span> <span class='ocrx_word' id='word_1_178' title='bbox 1100 2092 1144 2129; x_wconf 89' lang='lat' dir='ltr'>res</span> <span class='ocrx_word' id='word_1_179' title='bbox 1163 2075 1218 2136; x_wconf 85' lang='lat' dir='ltr'>iam</span> <span class='ocrx_word' id='word_1_180' title='bbox 1242 2092 1275 2130; x_wconf 92' lang='lat' dir='ltr'>eo</span> <span class='ocrx_word' id='word_1_181' title='bbox 1290 2075 1460 2147; x_wconf 86' lang='lat' dir='ltr'>pervenerit.</span> <span class='ocrx_word' id='word_1_182' title='bbox 1483 2083 1514 2130; x_wconf 93' lang='lat' dir='ltr'>ut</span> <span class='ocrx_word' id='word_1_183' title='bbox 1529 2092 1625 2148; x_wconf 88' lang='lat' dir='ltr'>parum</span> <span class='ocrx_word' id='word_1_184' title='bbox 1641 2075 1678 2129; x_wconf 90' lang='lat' dir='ltr'>sit</span> <span class='ocrx_word' id='word_1_185' title='bbox 1693 2083 1840 2130; x_wconf 80' lang='lat' dir='ltr'>melnen-n</span> 
     </span>
     <span class='ocr_line' id='line_1_17' title="bbox 521 2158 1813 2234; baseline -0.002 -18"><span class='ocrx_word' id='word_1_186' title='bbox 521 2162 585 2216; x_wconf 88' lang='lat' dir='ltr'>dum</span> <span class='ocrx_word' id='word_1_187' title='bbox 607 2159 759 2234; x_wconf 88' lang='lat' dir='ltr'>periculum</span> <span class='ocrx_word' id='word_1_188' title='bbox 790 2170 892 2216; x_wconf 76' lang='lat' dir='ltr'>nestra</span> <span class='ocrx_word' id='word_1_189' title='bbox 919 2177 1024 2221; x_wconf 81' lang='lat' dir='ltr'>causae,</span> <span class='ocrx_word' id='word_1_190' title='bbox 1054 2161 1075 2214; x_wconf 91' lang='lat' dir='ltr'>si</span> <span class='ocrx_word' id='word_1_191' title='bbox 1100 2158 1226 2214; x_wconf 82' lang='lat' dir='ltr'>Erasmus</span> <span class='ocrx_word' id='word_1_192' title='bbox 1255 2159 1336 2214; x_wconf 87' lang='lat' dir='ltr'>etiam</span> <span class='ocrx_word' id='word_1_193' title='bbox 1366 2161 1478 2215; x_wconf 89' lang='lat' dir='ltr'>summis</span> <span class='ocrx_word' id='word_1_194' title='bbox 1505 2159 1607 2215; x_wconf 88' lang='lat' dir='ltr'>viribus</span> <span class='ocrx_word' id='word_1_195' title='bbox 1636 2166 1813 2233; x_wconf 88' lang='lat' dir='ltr'>oppugnaret,</span> 
     </span>
     <span class='ocr_line' id='line_1_18' title="bbox 523 2242 1813 2318; baseline 0.001 -17"><span class='ocrx_word' id='word_1_196' title='bbox 523 2246 620 2301; x_wconf 90' lang='lat' dir='ltr'>nedum</span> <span class='ocrx_word' id='word_1_197' title='bbox 644 2245 667 2299; x_wconf 91' lang='lat' dir='ltr'>si</span> <span class='ocrx_word' id='word_1_198' title='bbox 689 2243 835 2318; x_wconf 91' lang='lat' dir='ltr'>aliquande</span> <span class='ocrx_word' id='word_1_199' title='bbox 858 2244 964 2318; x_wconf 89' lang='lat' dir='ltr'>spargit</span> <span class='ocrx_word' id='word_1_200' title='bbox 986 2243 1096 2300; x_wconf 89' lang='lat' dir='ltr'>aculeos</span> <span class='ocrx_word' id='word_1_201' title='bbox 1118 2252 1145 2298; x_wconf 90' lang='lat' dir='ltr'>ct</span> <span class='ocrx_word' id='word_1_202' title='bbox 1165 2244 1262 2299; x_wconf 78' lang='lat' dir='ltr'>(lentes</span> <span class='ocrx_word' id='word_1_203' title='bbox 1279 2252 1392 2299; x_wconf 89' lang='lat' dir='ltr'>tautum.</span> <span class='ocrx_word' id='word_1_204' title='bbox 1430 2261 1525 2299; x_wconf 90' lang='lat' dir='ltr'>rursus</span> <span class='ocrx_word' id='word_1_205' title='bbox 1541 2244 1563 2299; x_wconf 93' lang='lat' dir='ltr'>si</span> <span class='ocrx_word' id='word_1_206' title='bbox 1581 2252 1624 2306; x_wconf 90' lang='lat' dir='ltr'>tu,</span> <span class='ocrx_word' id='word_1_207' title='bbox 1647 2244 1684 2299; x_wconf 91' lang='lat' dir='ltr'>mi</span> <span class='ocrx_word' id='word_1_208' title='bbox 1700 2242 1813 2303; x_wconf 84' lang='lat' dir='ltr'>Erasmc.</span> 
     </span>
     <span class='ocr_line' id='line_1_19' title="bbox 523 2327 1815 2401; baseline -0.003 -16"><span class='ocrx_word' id='word_1_209' title='bbox 523 2330 632 2386; x_wconf 90' lang='lat' dir='ltr'>illerum</span> <span class='ocrx_word' id='word_1_210' title='bbox 655 2328 839 2384; x_wconf 83' lang='lat' dir='ltr'>infirmitatem</span> <span class='ocrx_word' id='word_1_211' title='bbox 861 2329 999 2401; x_wconf 85' lang='lat' dir='ltr'>cogitares</span> <span class='ocrx_word' id='word_1_212' title='bbox 1021 2337 1048 2384; x_wconf 89' lang='lat' dir='ltr'>et</span> <span class='ocrx_word' id='word_1_213' title='bbox 1071 2346 1085 2383; x_wconf 87' lang='lat' dir='ltr'>a</span> <span class='ocrx_word' id='word_1_214' title='bbox 1109 2327 1204 2401; x_wconf 79' lang='lat' dir='ltr'>figuris</span> <span class='ocrx_word' id='word_1_215' title='bbox 1227 2327 1281 2382; x_wconf 90' lang='lat' dir='ltr'>illis</span> <span class='ocrx_word' id='word_1_216' title='bbox 1304 2328 1448 2384; x_wconf 79' lang='lat' dir='ltr'>rhetoricae</span> <span class='ocrx_word' id='word_1_217' title='bbox 1472 2335 1525 2383; x_wconf 85' lang='lat' dir='ltr'>tuae</span> <span class='ocrx_word' id='word_1_218' title='bbox 1553 2327 1633 2383; x_wconf 89' lang='lat' dir='ltr'>salsis</span> <span class='ocrx_word' id='word_1_219' title='bbox 1664 2336 1692 2383; x_wconf 89' lang='lat' dir='ltr'>et</span> <span class='ocrx_word' id='word_1_220' title='bbox 1720 2328 1815 2382; x_wconf 88' lang='lat' dir='ltr'>amaris</span> 
     </span>
     <span class='ocr_line' id='line_1_20' title="bbox 523 2413 1814 2486; baseline -0.003 -16"><span class='ocrx_word' id='word_1_221' title='bbox 523 2415 690 2474; x_wconf 86' lang='lat' dir='ltr'>abstineres,</span> <span class='ocrx_word' id='word_1_222' title='bbox 713 2423 741 2469; x_wconf 90' lang='lat' dir='ltr'>et</span> <span class='ocrx_word' id='word_1_223' title='bbox 764 2414 786 2468; x_wconf 92' lang='lat' dir='ltr'>si</span> <span class='ocrx_word' id='word_1_224' title='bbox 810 2414 922 2469; x_wconf 90' lang='lat' dir='ltr'>omuino</span> <span class='ocrx_word' id='word_1_225' title='bbox 945 2430 1034 2486; x_wconf 88' lang='lat' dir='ltr'>ucquc</span> <span class='ocrx_word' id='word_1_226' title='bbox 1056 2421 1137 2486; x_wconf 89' lang='lat' dir='ltr'>petes</span> <span class='ocrx_word' id='word_1_227' title='bbox 1160 2429 1248 2485; x_wconf 86' lang='lat' dir='ltr'>neque</span> <span class='ocrx_word' id='word_1_228' title='bbox 1270 2413 1353 2468; x_wconf 88' lang='lat' dir='ltr'>audes</span> <span class='ocrx_word' id='word_1_229' title='bbox 1376 2421 1470 2468; x_wconf 87' lang='lat' dir='ltr'>nestra</span> <span class='ocrx_word' id='word_1_230' title='bbox 1492 2429 1631 2475; x_wconf 84' lang='lat' dir='ltr'>asserere,</span> <span class='ocrx_word' id='word_1_231' title='bbox 1655 2413 1755 2468; x_wconf 86' lang='lat' dir='ltr'>intacta</span> <span class='ocrx_word' id='word_1_232' title='bbox 1778 2420 1814 2466; x_wconf 92' lang='lat' dir='ltr'>ta·</span> 
     </span>
     <span class='ocr_line' id='line_1_21' title="bbox 523 2495 1844 2570; baseline -0.003 -15"><span class='ocrx_word' id='word_1_233' title='bbox 523 2517 583 2555; x_wconf 90' lang='lat' dir='ltr'>meu</span> <span class='ocrx_word' id='word_1_234' title='bbox 606 2499 757 2554; x_wconf 89' lang='lat' dir='ltr'>dimitteres</span> <span class='ocrx_word' id='word_1_235' title='bbox 779 2507 807 2553; x_wconf 90' lang='lat' dir='ltr'>et</span> <span class='ocrx_word' id='word_1_236' title='bbox 831 2507 875 2553; x_wconf 87' lang='lat' dir='ltr'>tua</span> <span class='ocrx_word' id='word_1_237' title='bbox 899 2505 1038 2554; x_wconf 82' lang='lat' dir='ltr'>tractares.</span> <span class='ocrx_word' id='word_1_238' title='bbox 1083 2496 1147 2552; x_wconf 86' lang='lat' dir='ltr'>Nam</span> <span class='ocrx_word' id='word_1_239' title='bbox 1171 2497 1244 2570; x_wconf 93' lang='lat' dir='ltr'>quod</span> <span class='ocrx_word' id='word_1_240' title='bbox 1266 2495 1305 2551; x_wconf 92' lang='lat' dir='ltr'>illi</span> <span class='ocrx_word' id='word_1_241' title='bbox 1327 2498 1480 2553; x_wconf 84' lang='lat' dir='ltr'>mersiones</span> <span class='ocrx_word' id='word_1_242' title='bbox 1505 2507 1564 2552; x_wconf 86' lang='lat' dir='ltr'>tuas</span> <span class='ocrx_word' id='word_1_243' title='bbox 1579 2497 1700 2570; x_wconf 90' lang='lat' dir='ltr'>iniquius</span> <span class='ocrx_word' id='word_1_244' title='bbox 1716 2498 1844 2558; x_wconf 75' lang='lat' dir='ltr'>terente</span> 
     </span>
     <span class='ocr_line' id='line_1_22' title="bbox 523 2581 1815 2654; baseline -0.003 -15"><span class='ocrx_word' id='word_1_245' title='bbox 523 2584 603 2639; x_wconf 89' lang='lat' dir='ltr'>etiam</span> <span class='ocrx_word' id='word_1_246' title='bbox 628 2591 653 2638; x_wconf 90' lang='lat' dir='ltr'>te</span> <span class='ocrx_word' id='word_1_247' title='bbox 677 2583 764 2638; x_wconf 91' lang='lat' dir='ltr'>iudice</span> <span class='ocrx_word' id='word_1_248' title='bbox 787 2581 917 2637; x_wconf 88' lang='lat' dir='ltr'>nonnulla</span> <span class='ocrx_word' id='word_1_249' title='bbox 940 2600 1019 2638; x_wconf 89' lang='lat' dir='ltr'>causa</span> <span class='ocrx_word' id='word_1_250' title='bbox 1042 2590 1099 2643; x_wconf 88' lang='lat' dir='ltr'>est,</span> <span class='ocrx_word' id='word_1_251' title='bbox 1129 2581 1233 2637; x_wconf 88' lang='lat' dir='ltr'>scilicet</span> <span class='ocrx_word' id='word_1_252' title='bbox 1256 2581 1329 2654; x_wconf 92' lang='lat' dir='ltr'>qued</span> <span class='ocrx_word' id='word_1_253' title='bbox 1355 2581 1496 2637; x_wconf 84' lang='lat' dir='ltr'>iufirmitas</span> <span class='ocrx_word' id='word_1_254' title='bbox 1524 2583 1639 2637; x_wconf 86' lang='lat' dir='ltr'>humana</span> <span class='ocrx_word' id='word_1_255' title='bbox 1663 2581 1766 2654; x_wconf 86' lang='lat' dir='ltr'>cogitat</span> <span class='ocrx_word' id='word_1_256' title='bbox 1789 2589 1815 2636; x_wconf 92' lang='lat' dir='ltr'>et</span> 
     </span>
     <span class='ocr_line' id='line_1_23' title="bbox 523 2665 1814 2738; baseline -0.002 -15"><span class='ocrx_word' id='word_1_257' title='bbox 523 2667 591 2723; x_wconf 86' lang='lat' dir='ltr'>male</span> <span class='ocrx_word' id='word_1_258' title='bbox 614 2667 711 2722; x_wconf 91' lang='lat' dir='ltr'>metuit</span> <span class='ocrx_word' id='word_1_259' title='bbox 733 2666 928 2722; x_wconf 86' lang='lat' dir='ltr'>authoritatem</span> <span class='ocrx_word' id='word_1_260' title='bbox 951 2675 978 2721; x_wconf 88' lang='lat' dir='ltr'>et</span> <span class='ocrx_word' id='word_1_261' title='bbox 1000 2684 1100 2721; x_wconf 88' lang='lat' dir='ltr'>uomen</span> <span class='ocrx_word' id='word_1_262' title='bbox 1123 2665 1239 2727; x_wconf 87' lang='lat' dir='ltr'>Erasmi,</span> <span class='ocrx_word' id='word_1_263' title='bbox 1269 2673 1300 2721; x_wconf 93' lang='lat' dir='ltr'>ut</span> <span class='ocrx_word' id='word_1_264' title='bbox 1323 2665 1405 2738; x_wconf 92' lang='lat' dir='ltr'>leuge</span> <span class='ocrx_word' id='word_1_265' title='bbox 1428 2665 1500 2721; x_wconf 90' lang='lat' dir='ltr'>alind</span> <span class='ocrx_word' id='word_1_266' title='bbox 1523 2667 1558 2721; x_wconf 87' lang='lat' dir='ltr'>sit</span> <span class='ocrx_word' id='word_1_267' title='bbox 1581 2665 1614 2721; x_wconf 87' lang='lat' dir='ltr'>ab</span> <span class='ocrx_word' id='word_1_268' title='bbox 1637 2666 1750 2721; x_wconf 88' lang='lat' dir='ltr'>Erasme</span> <span class='ocrx_word' id='word_1_269' title='bbox 1774 2682 1814 2721; x_wconf 86' lang='lat' dir='ltr'>se·</span> 
     </span>
     <span class='ocr_line' id='line_1_24' title="bbox 524 2748 1814 2824; baseline -0.002 -17"><span class='ocrx_word' id='word_1_270' title='bbox 524 2751 576 2807; x_wconf 90' lang='lat' dir='ltr'>mel</span> <span class='ocrx_word' id='word_1_271' title='bbox 599 2768 660 2807; x_wconf 91' lang='lat' dir='ltr'>esse</span> <span class='ocrx_word' id='word_1_272' title='bbox 682 2768 802 2807; x_wconf 91' lang='lat' dir='ltr'>mersum</span> <span class='ocrx_word' id='word_1_273' title='bbox 826 2767 905 2823; x_wconf 89' lang='lat' dir='ltr'>quam</span> <span class='ocrx_word' id='word_1_274' title='bbox 929 2750 961 2806; x_wconf 91' lang='lat' dir='ltr'>ab</span> <span class='ocrx_word' id='word_1_275' title='bbox 984 2750 1110 2806; x_wconf 90' lang='lat' dir='ltr'>omnibus</span> <span class='ocrx_word' id='word_1_276' title='bbox 1133 2750 1247 2824; x_wconf 90' lang='lat' dir='ltr'>papistis</span> <span class='ocrx_word' id='word_1_277' title='bbox 1264 2749 1347 2806; x_wconf 88' lang='lat' dir='ltr'>semel</span> <span class='ocrx_word' id='word_1_278' title='bbox 1364 2767 1424 2805; x_wconf 90' lang='lat' dir='ltr'>csse</span> <span class='ocrx_word' id='word_1_279' title='bbox 1439 2750 1633 2806; x_wconf 90' lang='lat' dir='ltr'>commolitum.</span> <span class='ocrx_word' id='word_1_280' title='bbox 1678 2750 1740 2806; x_wconf 82' lang='lat' dir='ltr'>llaee</span> <span class='ocrx_word' id='word_1_281' title='bbox 1755 2748 1814 2804; x_wconf 79' lang='lat' dir='ltr'>eolo</span> 
     </span>
     <span class='ocr_line' id='line_1_25' title="bbox 523 2833 1814 2908; baseline -0.002 -17"><span class='ocrx_word' id='word_1_282' title='bbox 523 2837 610 2897; x_wconf 90' lang='lat' dir='ltr'>dicta,</span> <span class='ocrx_word' id='word_1_283' title='bbox 641 2835 742 2908; x_wconf 87' lang='lat' dir='ltr'>optime</span> <span class='ocrx_word' id='word_1_284' title='bbox 765 2834 888 2895; x_wconf 86' lang='lat' dir='ltr'>Erasmc‚</span> <span class='ocrx_word' id='word_1_285' title='bbox 918 2835 944 2889; x_wconf 89' lang='lat' dir='ltr'>in</span> <span class='ocrx_word' id='word_1_286' title='bbox 973 2835 1160 2890; x_wconf 88' lang='lat' dir='ltr'>testimonium</span> <span class='ocrx_word' id='word_1_287' title='bbox 1189 2834 1294 2890; x_wconf 87' lang='lat' dir='ltr'>candidi</span> <span class='ocrx_word' id='word_1_288' title='bbox 1323 2835 1349 2889; x_wconf 95' lang='lat' dir='ltr'>iu</span> <span class='ocrx_word' id='word_1_289' title='bbox 1379 2843 1406 2889; x_wconf 90' lang='lat' dir='ltr'>te</span> <span class='ocrx_word' id='word_1_290' title='bbox 1435 2836 1516 2890; x_wconf 88' lang='lat' dir='ltr'>animi</span> <span class='ocrx_word' id='word_1_291' title='bbox 1544 2843 1572 2890; x_wconf 90' lang='lat' dir='ltr'>ct</span> <span class='ocrx_word' id='word_1_292' title='bbox 1595 2835 1640 2908; x_wconf 91' lang='lat' dir='ltr'>qui</span> <span class='ocrx_word' id='word_1_293' title='bbox 1665 2842 1743 2908; x_wconf 89' lang='lat' dir='ltr'>optet</span> <span class='ocrx_word' id='word_1_294' title='bbox 1766 2833 1814 2888; x_wconf 90' lang='lat' dir='ltr'>tibi</span> 
     </span>
     <span class='ocr_line' id='line_1_26' title="bbox 523 2918 1844 2998; baseline -0.002 -23"><span class='ocrx_word' id='word_1_295' title='bbox 523 2920 618 2998; x_wconf 70' lang='lat' dir='ltr'>«laria</span> <span class='ocrx_word' id='word_1_296' title='bbox 639 2919 750 2974; x_wconf 92' lang='lat' dir='ltr'>demine</span> <span class='ocrx_word' id='word_1_297' title='bbox 773 2919 900 2992; x_wconf 90' lang='lat' dir='ltr'>spiritum</span> <span class='ocrx_word' id='word_1_298' title='bbox 923 2919 1035 2992; x_wconf 90' lang='lat' dir='ltr'>dignum</span> <span class='ocrx_word' id='word_1_299' title='bbox 1058 2919 1167 2974; x_wconf 89' lang='lat' dir='ltr'>nomine</span> <span class='ocrx_word' id='word_1_300' title='bbox 1196 2928 1257 2979; x_wconf 87' lang='lat' dir='ltr'>tue,</span> <span class='ocrx_word' id='word_1_301' title='bbox 1286 2937 1366 2993; x_wconf 91' lang='lat' dir='ltr'>quem</span> <span class='ocrx_word' id='word_1_302' title='bbox 1395 2919 1417 2974; x_wconf 93' lang='lat' dir='ltr'>si</span> <span class='ocrx_word' id='word_1_303' title='bbox 1446 2918 1583 2975; x_wconf 88' lang='lat' dir='ltr'>distulerit</span> <span class='ocrx_word' id='word_1_304' title='bbox 1614 2918 1663 2975; x_wconf 91' lang='lat' dir='ltr'>tibi</span> <span class='ocrx_word' id='word_1_305' title='bbox 1692 2918 1844 2974; x_wconf 75' lang='lat' dir='ltr'>deminuere</span> 
     </span>
     <span class='ocr_line' id='line_1_27' title="bbox 523 3002 1816 3078; baseline -0.002 -19"><span class='ocrx_word' id='word_1_306' title='bbox 523 3005 601 3066; x_wconf 87' lang='lat' dir='ltr'>dare,</span> <span class='ocrx_word' id='word_1_307' title='bbox 630 3003 737 3059; x_wconf 88' lang='lat' dir='ltr'>interim</span> <span class='ocrx_word' id='word_1_308' title='bbox 767 3022 780 3059; x_wconf 90' lang='lat' dir='ltr'>a</span> <span class='ocrx_word' id='word_1_309' title='bbox 804 3011 831 3058; x_wconf 89' lang='lat' dir='ltr'>tc</span> <span class='ocrx_word' id='word_1_310' title='bbox 853 3011 918 3076; x_wconf 91' lang='lat' dir='ltr'>pete</span> <span class='ocrx_word' id='word_1_311' title='bbox 941 3012 971 3059; x_wconf 93' lang='lat' dir='ltr'>ut</span> <span class='ocrx_word' id='word_1_312' title='bbox 994 3005 1017 3058; x_wconf 89' lang='lat' dir='ltr'>si</span> <span class='ocrx_word' id='word_1_313' title='bbox 1040 3003 1111 3058; x_wconf 91' lang='lat' dir='ltr'>aliud</span> <span class='ocrx_word' id='word_1_314' title='bbox 1135 3012 1266 3077; x_wconf 71' lang='lat' dir='ltr'>praestare</span> <span class='ocrx_word' id='word_1_315' title='bbox 1289 3018 1344 3058; x_wconf 90' lang='lat' dir='ltr'>ueu</span> <span class='ocrx_word' id='word_1_316' title='bbox 1367 3012 1461 3076; x_wconf 87' lang='lat' dir='ltr'>petes.</span> <span class='ocrx_word' id='word_1_317' title='bbox 1490 3012 1631 3078; x_wconf 88' lang='lat' dir='ltr'>spectator</span> <span class='ocrx_word' id='word_1_318' title='bbox 1652 3012 1758 3059; x_wconf 92' lang='lat' dir='ltr'>tautum</span> <span class='ocrx_word' id='word_1_319' title='bbox 1782 3002 1816 3057; x_wconf 89' lang='lat' dir='ltr'>sis</span> 
     </span>
     <span class='ocr_line' id='line_1_28' title="bbox 525 3087 1816 3162; baseline -0.003 -18"><span class='ocrx_word' id='word_1_320' title='bbox 525 3088 665 3162; x_wconf 80' lang='lat' dir='ltr'>tragmdiae</span> <span class='ocrx_word' id='word_1_321' title='bbox 687 3096 803 3149; x_wconf 74' lang='lat' dir='ltr'>uestrae,</span> <span class='ocrx_word' id='word_1_322' title='bbox 828 3096 931 3144; x_wconf 89' lang='lat' dir='ltr'>tantum</span> <span class='ocrx_word' id='word_1_323' title='bbox 955 3105 988 3144; x_wconf 91' lang='lat' dir='ltr'>ne</span> <span class='ocrx_word' id='word_1_324' title='bbox 1012 3088 1110 3143; x_wconf 89' lang='lat' dir='ltr'>soleris</span> <span class='ocrx_word' id='word_1_325' title='bbox 1133 3096 1160 3143; x_wconf 90' lang='lat' dir='ltr'>et</span> <span class='ocrx_word' id='word_1_326' title='bbox 1182 3088 1275 3161; x_wconf 90' lang='lat' dir='ltr'>copias</span> <span class='ocrx_word' id='word_1_327' title='bbox 1299 3089 1396 3160; x_wconf 89' lang='lat' dir='ltr'>iungas</span> <span class='ocrx_word' id='word_1_328' title='bbox 1418 3089 1592 3150; x_wconf 84' lang='lat' dir='ltr'>adversariis.</span> <span class='ocrx_word' id='word_1_329' title='bbox 1615 3087 1770 3161; x_wconf 70' lang='lat' dir='ltr'>prasertim</span> <span class='ocrx_word' id='word_1_330' title='bbox 1784 3104 1816 3140; x_wconf 86' lang='lat' dir='ltr'>ne</span> 
     </span>
     <span class='ocr_line' id='line_1_29' title="bbox 524 3171 1816 3246; baseline -0.003 -17"><span class='ocrx_word' id='word_1_331' title='bbox 524 3175 588 3230; x_wconf 92' lang='lat' dir='ltr'>edas</span> <span class='ocrx_word' id='word_1_332' title='bbox 611 3171 719 3229; x_wconf 90' lang='lat' dir='ltr'>libellos</span> <span class='ocrx_word' id='word_1_333' title='bbox 741 3182 835 3229; x_wconf 91' lang='lat' dir='ltr'>contra</span> <span class='ocrx_word' id='word_1_334' title='bbox 859 3191 917 3234; x_wconf 88' lang='lat' dir='ltr'>me,</span> <span class='ocrx_word' id='word_1_335' title='bbox 941 3173 1012 3229; x_wconf 88' lang='lat' dir='ltr'>sicut</span> <span class='ocrx_word' id='word_1_336' title='bbox 1034 3190 1083 3228; x_wconf 89' lang='lat' dir='ltr'>uec</span> <span class='ocrx_word' id='word_1_337' title='bbox 1105 3191 1157 3246; x_wconf 91' lang='lat' dir='ltr'>ego</span> <span class='ocrx_word' id='word_1_338' title='bbox 1179 3180 1274 3228; x_wconf 91' lang='lat' dir='ltr'>centra</span> <span class='ocrx_word' id='word_1_339' title='bbox 1299 3181 1325 3227; x_wconf 88' lang='lat' dir='ltr'>te</span> <span class='ocrx_word' id='word_1_340' title='bbox 1348 3172 1432 3227; x_wconf 87' lang='lat' dir='ltr'>edam.</span> <span class='ocrx_word' id='word_1_341' title='bbox 1477 3173 1573 3228; x_wconf 87' lang='lat' dir='ltr'>deinde</span> <span class='ocrx_word' id='word_1_342' title='bbox 1596 3190 1644 3228; x_wconf 89' lang='lat' dir='ltr'>eos</span> <span class='ocrx_word' id='word_1_343' title='bbox 1660 3172 1707 3245; x_wconf 93' lang='lat' dir='ltr'>qui</span> <span class='ocrx_word' id='word_1_344' title='bbox 1723 3189 1753 3226; x_wconf 91' lang='lat' dir='ltr'>se</span> <span class='ocrx_word' id='word_1_345' title='bbox 1769 3172 1816 3226; x_wconf 87' lang='lat' dir='ltr'>Lu·</span> 
     </span>
     <span class='ocr_line' id='line_1_30' title="bbox 526 3255 1817 3332; baseline -0.004 -18"><span class='ocrx_word' id='word_1_346' title='bbox 526 3259 640 3314; x_wconf 90' lang='lat' dir='ltr'>thcrauo</span> <span class='ocrx_word' id='word_1_347' title='bbox 663 3258 772 3314; x_wconf 91' lang='lat' dir='ltr'>nomine</span> <span class='ocrx_word' id='word_1_348' title='bbox 794 3258 850 3332; x_wconf 89' lang='lat' dir='ltr'>peti</span> <span class='ocrx_word' id='word_1_349' title='bbox 874 3265 1042 3332; x_wconf 85' lang='lat' dir='ltr'>queruntur.</span> <span class='ocrx_word' id='word_1_350' title='bbox 1066 3258 1190 3313; x_wconf 91' lang='lat' dir='ltr'>homiues</span> <span class='ocrx_word' id='word_1_351' title='bbox 1210 3274 1271 3311; x_wconf 87' lang='lat' dir='ltr'>esse</span> <span class='ocrx_word' id='word_1_352' title='bbox 1294 3257 1333 3311; x_wconf 91' lang='lat' dir='ltr'>tui</span> <span class='ocrx_word' id='word_1_353' title='bbox 1357 3257 1462 3331; x_wconf 90' lang='lat' dir='ltr'>meique</span> <span class='ocrx_word' id='word_1_354' title='bbox 1485 3257 1588 3313; x_wconf 87' lang='lat' dir='ltr'>similes</span> <span class='ocrx_word' id='word_1_355' title='bbox 1609 3257 1731 3329; x_wconf 86' lang='lat' dir='ltr'>cogites:</span> <span class='ocrx_word' id='word_1_356' title='bbox 1761 3255 1817 3329; x_wconf 92' lang='lat' dir='ltr'>qui·</span> 
     </span>
     <span class='ocr_line' id='line_1_31' title="bbox 525 3341 1847 3417; baseline -0.006 -18"><span class='ocrx_word' id='word_1_357' title='bbox 525 3344 577 3399; x_wconf 91' lang='lat' dir='ltr'>bus</span> <span class='ocrx_word' id='word_1_358' title='bbox 601 3361 670 3417; x_wconf 91' lang='lat' dir='ltr'>epus</span> <span class='ocrx_word' id='word_1_359' title='bbox 693 3351 735 3398; x_wconf 87' lang='lat' dir='ltr'>cst</span> <span class='ocrx_word' id='word_1_360' title='bbox 758 3360 869 3417; x_wconf 86' lang='lat' dir='ltr'>parcere</span> <span class='ocrx_word' id='word_1_361' title='bbox 891 3351 920 3399; x_wconf 90' lang='lat' dir='ltr'>et</span> <span class='ocrx_word' id='word_1_362' title='bbox 942 3344 1084 3416; x_wconf 84' lang='lat' dir='ltr'>ignoscere</span> <span class='ocrx_word' id='word_1_363' title='bbox 1113 3351 1156 3403; x_wconf 89' lang='lat' dir='ltr'>et,</span> <span class='ocrx_word' id='word_1_364' title='bbox 1185 3349 1216 3397; x_wconf 92' lang='lat' dir='ltr'>ut</span> <span class='ocrx_word' id='word_1_365' title='bbox 1238 3341 1337 3397; x_wconf 90' lang='lat' dir='ltr'>Paulus</span> <span class='ocrx_word' id='word_1_366' title='bbox 1365 3342 1418 3404; x_wconf 88' lang='lat' dir='ltr'>ait,</span> <span class='ocrx_word' id='word_1_367' title='bbox 1448 3359 1530 3398; x_wconf 90' lang='lat' dir='ltr'>onera</span> <span class='ocrx_word' id='word_1_368' title='bbox 1557 3342 1670 3397; x_wconf 88' lang='lat' dir='ltr'>invicem</span> <span class='ocrx_word' id='word_1_369' title='bbox 1698 3347 1847 3415; x_wconf 80' lang='lat' dir='ltr'>portarem</span> 
     </span>
     <span class='ocr_line' id='line_1_32' title="bbox 528 3423 1818 3501; baseline -0.004 -18"><span class='ocrx_word' id='word_1_370' title='bbox 528 3428 598 3484; x_wconf 84' lang='lat' dir='ltr'>Satis</span> <span class='ocrx_word' id='word_1_371' title='bbox 621 3445 741 3501; x_wconf 89' lang='lat' dir='ltr'>morsum</span> <span class='ocrx_word' id='word_1_372' title='bbox 765 3436 822 3489; x_wconf 88' lang='lat' dir='ltr'>est,</span> <span class='ocrx_word' id='word_1_373' title='bbox 852 3445 924 3484; x_wconf 88' lang='lat' dir='ltr'>nune</span> <span class='ocrx_word' id='word_1_374' title='bbox 946 3426 1140 3501; x_wconf 80' lang='lat' dir='ltr'>providendum</span> <span class='ocrx_word' id='word_1_375' title='bbox 1164 3434 1220 3488; x_wconf 89' lang='lat' dir='ltr'>est,</span> <span class='ocrx_word' id='word_1_376' title='bbox 1250 3443 1283 3481; x_wconf 89' lang='lat' dir='ltr'>ne</span> <span class='ocrx_word' id='word_1_377' title='bbox 1311 3443 1502 3482; x_wconf 86' lang='lat' dir='ltr'>consumamur</span> <span class='ocrx_word' id='word_1_378' title='bbox 1530 3426 1562 3481; x_wconf 93' lang='lat' dir='ltr'>ab</span> <span class='ocrx_word' id='word_1_379' title='bbox 1590 3426 1718 3486; x_wconf 89' lang='lat' dir='ltr'>invicem,</span> <span class='ocrx_word' id='word_1_380' title='bbox 1748 3423 1818 3498; x_wconf 93' lang='lat' dir='ltr'>qued</span> 
     </span>
     <span class='ocr_line' id='line_1_33' title="bbox 526 3509 1903 3587; baseline -0.004 -18"><span class='ocrx_word' id='word_1_381' title='bbox 526 3531 559 3569; x_wconf 84' lang='lat' dir='ltr'>ce</span> <span class='ocrx_word' id='word_1_382' title='bbox 582 3521 656 3569; x_wconf 90' lang='lat' dir='ltr'>esset</span> <span class='ocrx_word' id='word_1_383' title='bbox 679 3512 861 3567; x_wconf 85' lang='lat' dir='ltr'>miserabilius</span> <span class='ocrx_word' id='word_1_384' title='bbox 884 3511 1082 3587; x_wconf 86' lang='lat' dir='ltr'>spectaculum,</span> <span class='ocrx_word' id='word_1_385' title='bbox 1114 3528 1169 3583; x_wconf 92' lang='lat' dir='ltr'>quo</span> <span class='ocrx_word' id='word_1_386' title='bbox 1198 3510 1300 3567; x_wconf 90' lang='lat' dir='ltr'>certius</span> <span class='ocrx_word' id='word_1_387' title='bbox 1329 3519 1371 3566; x_wconf 87' lang='lat' dir='ltr'>est</span> <span class='ocrx_word' id='word_1_388' title='bbox 1400 3518 1522 3566; x_wconf 88' lang='lat' dir='ltr'>neutram</span> <span class='ocrx_word' id='word_1_389' title='bbox 1546 3520 1652 3585; x_wconf 90' lang='lat' dir='ltr'>partem</span> <span class='ocrx_word' id='word_1_390' title='bbox 1675 3526 1708 3565; x_wconf 81' lang='lat' dir='ltr'>ex</span> <span class='ocrx_word' id='word_1_391' title='bbox 1730 3509 1817 3563; x_wconf 89' lang='lat' dir='ltr'>auimo</span> <span class='ocrx_word' id='word_1_392' title='bbox 1901 3554 1903 3563; x_wconf 83' lang='grc'>,</span> 
     </span>
     <span class='ocr_line' id='line_1_34' title="bbox 527 3592 1816 3671; baseline -0.004 -19"><span class='ocrx_word' id='word_1_393' title='bbox 527 3596 595 3655; x_wconf 88' lang='lat' dir='ltr'>male</span> <span class='ocrx_word' id='word_1_394' title='bbox 618 3596 686 3653; x_wconf 80' lang='lat' dir='ltr'>velle</span> <span class='ocrx_word' id='word_1_395' title='bbox 709 3598 804 3671; x_wconf 88' lang='lat' dir='ltr'>pietati</span> <span class='ocrx_word' id='word_1_396' title='bbox 827 3606 854 3652; x_wconf 93' lang='lat' dir='ltr'>ct</span> <span class='ocrx_word' id='word_1_397' title='bbox 877 3598 935 3652; x_wconf 91' lang='lat' dir='ltr'>sine</span> <span class='ocrx_word' id='word_1_398' title='bbox 958 3595 1107 3670; x_wconf 87' lang='lat' dir='ltr'>pertinacia</span> <span class='ocrx_word' id='word_1_399' title='bbox 1134 3613 1182 3650; x_wconf 90' lang='lat' dir='ltr'>sua</span> <span class='ocrx_word' id='word_1_400' title='bbox 1213 3595 1312 3668; x_wconf 89' lang='lat' dir='ltr'>cuique</span> <span class='ocrx_word' id='word_1_401' title='bbox 1340 3594 1455 3669; x_wconf 86' lang='lat' dir='ltr'>placere.</span> <span class='ocrx_word' id='word_1_402' title='bbox 1499 3595 1565 3651; x_wconf 83' lang='lat' dir='ltr'>boui</span> <span class='ocrx_word' id='word_1_403' title='bbox 1594 3593 1708 3651; x_wconf 85' lang='lat' dir='ltr'>consule</span> <span class='ocrx_word' id='word_1_404' title='bbox 1731 3592 1816 3648; x_wconf 87' lang='lat' dir='ltr'>inlan-</span> 
     </span>
     <span class='ocr_line' id='line_1_35' title="bbox 526 3677 1818 3752; baseline -0.005 -15"><span class='ocrx_word' id='word_1_405' title='bbox 526 3682 591 3737; x_wconf 89' lang='lat' dir='ltr'>tiam</span> <span class='ocrx_word' id='word_1_406' title='bbox 613 3699 699 3737; x_wconf 92' lang='lat' dir='ltr'>meam</span> <span class='ocrx_word' id='word_1_407' title='bbox 722 3690 750 3737; x_wconf 91' lang='lat' dir='ltr'>et</span> <span class='ocrx_word' id='word_1_408' title='bbox 772 3681 798 3735; x_wconf 92' lang='lat' dir='ltr'>in</span> <span class='ocrx_word' id='word_1_409' title='bbox 821 3681 931 3736; x_wconf 91' lang='lat' dir='ltr'>domino</span> <span class='ocrx_word' id='word_1_410' title='bbox 955 3681 1023 3736; x_wconf 90' lang='lat' dir='ltr'>bene</span> <span class='ocrx_word' id='word_1_411' title='bbox 1046 3680 1112 3735; x_wconf 89' lang='lat' dir='ltr'>vale.</span> <span class='ocrx_word' id='word_1_412' title='bbox 1157 3679 1319 3735; x_wconf 89' lang='lat' dir='ltr'>leaehimum</span> <span class='ocrx_word' id='word_1_413' title='bbox 1344 3680 1426 3735; x_wconf 84' lang='lat' dir='ltr'>istum</span> <span class='ocrx_word' id='word_1_414' title='bbox 1442 3681 1564 3735; x_wconf 88' lang='lat' dir='ltr'>iuvenem</span> <span class='ocrx_word' id='word_1_415' title='bbox 1579 3677 1707 3752; x_wconf 83' lang='lat' dir='ltr'>Philippo</span> <span class='ocrx_word' id='word_1_416' title='bbox 1722 3685 1818 3732; x_wconf 88' lang='lat' dir='ltr'>uestro</span> 
     </span>
     <span class='ocr_line' id='line_1_36' title="bbox 527 3759 1851 3839; baseline -0.006 -18"><span class='ocrx_word' id='word_1_417' title='bbox 527 3766 641 3822; x_wconf 87' lang='lat' dir='ltr'>similem</span> <span class='ocrx_word' id='word_1_418' title='bbox 666 3765 714 3821; x_wconf 92' lang='lat' dir='ltr'>tibi</span> <span class='ocrx_word' id='word_1_419' title='bbox 737 3766 909 3826; x_wconf 85' lang='lat' dir='ltr'>commendo,</span> <span class='ocrx_word' id='word_1_420' title='bbox 934 3766 997 3820; x_wconf 91' lang='lat' dir='ltr'>ime·</span> <span class='ocrx_word' id='word_1_421' title='bbox 1012 3783 1072 3821; x_wconf 86' lang='lat' dir='ltr'>sese</span> <span class='ocrx_word' id='word_1_422' title='bbox 1095 3763 1157 3839; x_wconf 90' lang='lat' dir='ltr'>plus</span> <span class='ocrx_word' id='word_1_423' title='bbox 1173 3763 1372 3821; x_wconf 87' lang='lat' dir='ltr'>commendabit</span> <span class='ocrx_word' id='word_1_424' title='bbox 1387 3765 1529 3820; x_wconf 89' lang='lat' dir='ltr'>admissus.</span> <span class='ocrx_word' id='word_1_425' title='bbox 1553 3759 1851 3819; x_wconf 67' lang='lat' dir='ltr'>aonemundus</span> 
     </span>
     <span class='ocr_line' id='line_1_37' title="bbox 1436 3847 1734 3905; baseline -0.017 0"><span class='ocrx_word' id='word_1_426' title='bbox 1436 3850 1567 3905; x_wconf 86' lang='lat' dir='ltr'>Martinus</span> <span class='ocrx_word' id='word_1_427' title='bbox 1589 3847 1734 3903; x_wconf 90' lang='lat' dir='ltr'>Lutberus.</span> 
     </span>
    </p>
   </div>
   <div class='ocr_carea' id='block_1_3' title="bbox 492 3978 1820 4896">
    <p class='ocr_par' dir='ltr' id='par_1_3' title="bbox 492 3978 1820 4896">
     <span class='ocr_line' id='line_1_38' title="bbox 595 3978 1819 4044; baseline -0.002 -16"><span class='ocrx_word' id='word_1_428' title='bbox 595 3980 834 4044; x_wconf 83' lang='lat' dir='ltr'>¹indiguantur&#39;5.</span> <span class='ocrx_word' id='word_1_429' title='bbox 870 3979 1107 4030; x_wconf 82' lang='lat' dir='ltr'>³bocu.f.2...5.</span> <span class='ocrx_word' id='word_1_430' title='bbox 1145 3982 1317 4029; x_wconf 76' lang='lat' dir='ltr'>aritemetd.</span> <span class='ocrx_word' id='word_1_431' title='bbox 1353 3978 1447 4044; x_wconf 75' lang='lat' dir='ltr'>¹quod</span> <span class='ocrx_word' id='word_1_432' title='bbox 1459 3984 1529 4030; x_wconf 83' lang='lat' dir='ltr'>emis.</span> <span class='ocrx_word' id='word_1_433' title='bbox 1543 3984 1569 4030; x_wconf 91' lang='lat'>2.</span> <span class='ocrx_word' id='word_1_434' title='bbox 1606 3979 1819 4028; x_wconf 78' lang='lat' dir='ltr'>etomia.2.3.5.</span> 
     </span>
     <span class='ocr_line' id='line_1_39' title="bbox 526 4063 1817 4130; baseline -0.002 -16"><span class='ocrx_word' id='word_1_435' title='bbox 526 4064 773 4127; x_wconf 77' lang='lat' dir='ltr'>¹atylum1.2.3.5.</span> <span class='ocrx_word' id='word_1_436' title='bbox 816 4064 999 4115; x_wconf 87' lang='lat' dir='ltr'>cohibiturum</span> <span class='ocrx_word' id='word_1_437' title='bbox 1019 4069 1111 4117; x_wconf 78' lang='lat'><strong><em>2.3.5.</em></strong></span> <span class='ocrx_word' id='word_1_438' title='bbox 1160 4064 1335 4130; x_wconf 79' lang='lat' dir='ltr'>¹predirc5.</span> <span class='ocrx_word' id='word_1_439' title='bbox 1384 4064 1405 4096; x_wconf 90' lang='lat'>¹⁰</span> <span class='ocrx_word' id='word_1_440' title='bbox 1423 4065 1636 4115; x_wconf 79' lang='lat' dir='ltr'>acerbatissims</span> <span class='ocrx_word' id='word_1_441' title='bbox 1651 4067 1676 4113; x_wconf 83' lang='lat'>1.</span> <span class='ocrx_word' id='word_1_442' title='bbox 1699 4063 1817 4113; x_wconf 82' lang='lat' dir='ltr'>acerbis·</span> 
     </span>
     <span class='ocr_line' id='line_1_40' title="bbox 492 4148 1817 4215; baseline -0.002 -17"><span class='ocrx_word' id='word_1_443' title='bbox 492 4151 634 4200; x_wconf 61' lang='lat' dir='ltr'>,simod</span> <span class='ocrx_word' id='word_1_444' title='bbox 683 4148 701 4181; x_wconf 90' lang='lat'>¹¹</span> <span class='ocrx_word' id='word_1_445' title='bbox 722 4150 746 4198; x_wconf 91' lang='lat' dir='ltr'>si</span> <span class='ocrx_word' id='word_1_446' title='bbox 765 4150 785 4198; x_wconf 87' lang='lat' dir='ltr'>s.</span> <span class='ocrx_word' id='word_1_447' title='bbox 799 4167 824 4215; x_wconf 92' lang='lat' dir='ltr'>p.</span> <span class='ocrx_word' id='word_1_448' title='bbox 839 4166 873 4198; x_wconf 92' lang='lat' dir='ltr'>m.</span> <span class='ocrx_word' id='word_1_449' title='bbox 889 4153 913 4198; x_wconf 88' lang='lat'>1.</span> <span class='ocrx_word' id='word_1_450' title='bbox 962 4149 1230 4201; x_wconf 75' lang='lat' dir='ltr'>¹²¹¹obsemuiro5.</span> <span class='ocrx_word' id='word_1_451' title='bbox 1279 4149 1300 4182; x_wconf 82' lang='lat'>¹¹</span> <span class='ocrx_word' id='word_1_452' title='bbox 1319 4151 1345 4200; x_wconf 92' lang='lat' dir='ltr'>id</span> <span class='ocrx_word' id='word_1_453' title='bbox 1365 4149 1384 4198; x_wconf 82' lang='lat' dir='ltr'>f.</span> <span class='ocrx_word' id='word_1_454' title='bbox 1398 4164 1465 4198; x_wconf 83' lang='lat' dir='ltr'>sene</span> <span class='ocrx_word' id='word_1_455' title='bbox 1485 4153 1509 4198; x_wconf 85' lang='lat'>1.</span> <span class='ocrx_word' id='word_1_456' title='bbox 1555 4149 1694 4198; x_wconf 85' lang='lat' dir='ltr'>haberent</span> <span class='ocrx_word' id='word_1_457' title='bbox 1710 4151 1779 4197; x_wconf 80' lang='lat' dir='ltr'>omis.</span> <span class='ocrx_word' id='word_1_458' title='bbox 1794 4149 1817 4195; x_wconf 86' lang='lat'>1.</span> 
     </span>
     <span class='ocr_line' id='line_1_41' title="bbox 526 4232 1818 4300; baseline 0 -16"><span class='ocrx_word' id='word_1_459' title='bbox 526 4233 787 4285; x_wconf 76' lang='lat' dir='ltr'>¹⁴tuaeimb.2...5.</span> <span class='ocrx_word' id='word_1_460' title='bbox 823 4234 928 4300; x_wconf 83' lang='lat' dir='ltr'>iemd.]</span> <span class='ocrx_word' id='word_1_461' title='bbox 948 4237 1085 4286; x_wconf 76' lang='lat' dir='ltr'>duduml.</span> <span class='ocrx_word' id='word_1_462' title='bbox 1123 4233 1407 4288; x_wconf 63' lang='lat' dir='ltr'>”iemomtamam</span> <span class='ocrx_word' id='word_1_463' title='bbox 1445 4232 1818 4296; x_wconf 80' lang='lat' dir='ltr'>¹¹dentes,tamen2.3.5.</span> 
     </span>
     <span class='ocr_line' id='line_1_42' title="bbox 527 4316 1819 4386; baseline -0.003 -16"><span class='ocrx_word' id='word_1_464' title='bbox 527 4322 551 4370; x_wconf 91' lang='lat' dir='ltr'>si</span> <span class='ocrx_word' id='word_1_465' title='bbox 575 4328 634 4369; x_wconf 86' lang='lat' dir='ltr'>ante</span> <span class='ocrx_word' id='word_1_466' title='bbox 658 4320 765 4371; x_wconf 88' lang='lat' dir='ltr'>illerum</span> <span class='ocrx_word' id='word_1_467' title='bbox 785 4323 876 4372; x_wconf 82' lang='grc'><strong><em>2.3,5.</em></strong></span> <span class='ocrx_word' id='word_1_468' title='bbox 931 4320 952 4353; x_wconf 83' lang='lat'>¹¹¹</span> <span class='ocrx_word' id='word_1_469' title='bbox 971 4318 1149 4385; x_wconf 73' lang='lat' dir='ltr'>ltctbtlericae</span> <span class='ocrx_word' id='word_1_470' title='bbox 1170 4320 1193 4368; x_wconf 83' lang='lat'>1.</span> <span class='ocrx_word' id='word_1_471' title='bbox 1240 4318 1261 4350; x_wconf 78' lang='lat'>¹⁹</span> <span class='ocrx_word' id='word_1_472' title='bbox 1284 4336 1379 4386; x_wconf 85' lang='lat' dir='ltr'>posses</span> <span class='ocrx_word' id='word_1_473' title='bbox 1400 4320 1457 4367; x_wconf 70' lang='lat' dir='ltr'>m.</span> <span class='ocrx_word' id='word_1_474' title='bbox 1506 4319 1623 4369; x_wconf 76' lang='lat' dir='ltr'>auderes</span> <span class='ocrx_word' id='word_1_475' title='bbox 1643 4321 1669 4367; x_wconf 88' lang='lat'>1.</span> <span class='ocrx_word' id='word_1_476' title='bbox 1710 4316 1731 4350; x_wconf 81' lang='lat'>²¹</span> <span class='ocrx_word' id='word_1_477' title='bbox 1750 4316 1819 4383; x_wconf 89' lang='lat' dir='ltr'>qued</span> 
     </span>
     <span class='ocr_line' id='line_1_43' title="bbox 526 4401 1819 4471; baseline -0.004 -16"><span class='ocrx_word' id='word_1_478' title='bbox 526 4409 628 4455; x_wconf 72' lang='lat' dir='ltr'>emisi.</span> <span class='ocrx_word' id='word_1_479' title='bbox 664 4405 877 4457; x_wconf 78' lang='lat' dir='ltr'>lium.inl.2...5.</span> <span class='ocrx_word' id='word_1_480' title='bbox 912 4404 1081 4455; x_wconf 82' lang='lat' dir='ltr'>²²unct.2.5.</span> <span class='ocrx_word' id='word_1_481' title='bbox 1110 4406 1255 4455; x_wconf 60' lang='lat' dir='ltr'>nuteritd.</span> <span class='ocrx_word' id='word_1_482' title='bbox 1291 4403 1333 4471; x_wconf 87' lang='lat' dir='ltr'>ut]</span> <span class='ocrx_word' id='word_1_483' title='bbox 1347 4404 1458 4455; x_wconf 58' lang='lat' dir='ltr'>eilmb.</span> <span class='ocrx_word' id='word_1_484' title='bbox 1495 4401 1715 4469; x_wconf 82' lang='lat' dir='ltr'>²¹et]ut2.3.5.</span> <span class='ocrx_word' id='word_1_485' title='bbox 1751 4402 1819 4451; x_wconf 79' lang='lat' dir='ltr'>¹¹sis</span> 
     </span>
     <span class='ocr_line' id='line_1_44' title="bbox 526 4489 1818 4557; baseline -0.004 -17"><span class='ocrx_word' id='word_1_486' title='bbox 526 4496 633 4541; x_wconf 82' lang='lat' dir='ltr'>tentiam</span> <span class='ocrx_word' id='word_1_487' title='bbox 652 4494 746 4543; x_wconf 82' lang='lat'><strong><em>2.3.5.</em></strong></span> <span class='ocrx_word' id='word_1_488' title='bbox 797 4491 942 4553; x_wconf 58' lang='lat' dir='ltr'>”nestrnq</span> <span class='ocrx_word' id='word_1_489' title='bbox 962 4496 1068 4541; x_wconf 85' lang='lat' dir='ltr'>tantum</span> <span class='ocrx_word' id='word_1_490' title='bbox 1082 4491 1225 4555; x_wconf 79' lang='lat' dir='ltr'>necopino</span> <span class='ocrx_word' id='word_1_491' title='bbox 1245 4489 1380 4556; x_wconf 84' lang='lat' dir='ltr'>adiunges</span> <span class='ocrx_word' id='word_1_492' title='bbox 1399 4493 1492 4540; x_wconf 78' lang='lat'><em>2.3.5.</em></span> <span class='ocrx_word' id='word_1_493' title='bbox 1528 4489 1645 4557; x_wconf 84' lang='lat' dir='ltr'>tantum]</span> <span class='ocrx_word' id='word_1_494' title='bbox 1664 4496 1713 4539; x_wconf 85' lang='lat' dir='ltr'>tua</span> <span class='ocrx_word' id='word_1_495' title='bbox 1725 4494 1781 4538; x_wconf 82' lang='lat' dir='ltr'>tum</span> <span class='ocrx_word' id='word_1_496' title='bbox 1795 4491 1818 4535; x_wconf 82' lang='lat'>1.</span> 
     </span>
     <span class='ocr_line' id='line_1_45' title="bbox 526 4571 1818 4641; baseline -0.005 -14"><span class='ocrx_word' id='word_1_497' title='bbox 526 4575 548 4608; x_wconf 56' lang='grc' dir='ltr'>’Β</span> <span class='ocrx_word' id='word_1_498' title='bbox 567 4578 642 4627; x_wconf 83' lang='lat' dir='ltr'>aedes</span> <span class='ocrx_word' id='word_1_499' title='bbox 662 4582 686 4627; x_wconf 87' lang='lat'>1.</span> <span class='ocrx_word' id='word_1_500' title='bbox 741 4579 829 4628; x_wconf 83' lang='lat' dir='ltr'>aedam</span> <span class='ocrx_word' id='word_1_501' title='bbox 849 4580 873 4627; x_wconf 84' lang='lat'>1.</span> <span class='ocrx_word' id='word_1_502' title='bbox 946 4575 1305 4641; x_wconf 81' lang='lat' dir='ltr'>quiL.u.sepeti2.3.5.</span> <span class='ocrx_word' id='word_1_503' title='bbox 1358 4575 1381 4608; x_wconf 82' lang='lat'>¹⁰</span> <span class='ocrx_word' id='word_1_504' title='bbox 1400 4572 1488 4640; x_wconf 79' lang='lat' dir='ltr'>Paul]</span> <span class='ocrx_word' id='word_1_505' title='bbox 1509 4591 1551 4639; x_wconf 86' lang='lat' dir='ltr'>ep.</span> <span class='ocrx_word' id='word_1_506' title='bbox 1567 4572 1720 4638; x_wconf 71' lang='lat' dir='ltr'>adliciat]</span> <span class='ocrx_word' id='word_1_507' title='bbox 1734 4573 1781 4622; x_wconf 86' lang='lat' dir='ltr'>VI.</span> <span class='ocrx_word' id='word_1_508' title='bbox 1795 4571 1818 4620; x_wconf 74' lang='lat'>⁸2.</span> 
     </span>
     <span class='ocr_line' id='line_1_46' title="bbox 526 4658 1820 4724; baseline -0.004 -13"><span class='ocrx_word' id='word_1_509' title='bbox 526 4660 546 4692; x_wconf 82' lang='lat'>³¹</span> <span class='ocrx_word' id='word_1_510' title='bbox 567 4669 829 4713; x_wconf 78' lang='lat' dir='ltr'>consummemurd.</span> <span class='ocrx_word' id='word_1_511' title='bbox 899 4660 921 4692; x_wconf 80' lang='lat'>³¹</span> <span class='ocrx_word' id='word_1_512' title='bbox 940 4660 1123 4711; x_wconf 83' lang='lat' dir='ltr'>certissimum</span> <span class='ocrx_word' id='word_1_513' title='bbox 1142 4663 1214 4711; x_wconf 82' lang='lat'><strong><em>2...5.</em></strong></span> <span class='ocrx_word' id='word_1_514' title='bbox 1282 4659 1305 4692; x_wconf 80' lang='lat'>¹¹</span> <span class='ocrx_word' id='word_1_515' title='bbox 1322 4659 1394 4709; x_wconf 84' lang='lat' dir='ltr'>male</span> <span class='ocrx_word' id='word_1_516' title='bbox 1413 4662 1481 4709; x_wconf 80' lang='lat' dir='ltr'>onais.</span> <span class='ocrx_word' id='word_1_517' title='bbox 1496 4663 1521 4708; x_wconf 82' lang='lat'>5.</span> <span class='ocrx_word' id='word_1_518' title='bbox 1592 4665 1620 4708; x_wconf 83' lang='lat' dir='ltr'>et</span> <span class='ocrx_word' id='word_1_519' title='bbox 1638 4658 1820 4724; x_wconf 81' lang='lat' dir='ltr'>pertinaciam</span> 
     </span>
     <span class='ocr_line' id='line_1_47' title="bbox 527 4744 1818 4812; baseline -0.004 -18"><span class='ocrx_word' id='word_1_520' title='bbox 527 4762 604 4796; x_wconf 78' lang='lat' dir='ltr'>strom</span> <span class='ocrx_word' id='word_1_521' title='bbox 624 4748 696 4812; x_wconf 79' lang='lat' dir='ltr'>cuiq3</span> <span class='ocrx_word' id='word_1_522' title='bbox 715 4747 828 4812; x_wconf 87' lang='lat' dir='ltr'>placere</span> <span class='ocrx_word' id='word_1_523' title='bbox 848 4751 873 4796; x_wconf 87' lang='lat'>1.</span> <span class='ocrx_word' id='word_1_524' title='bbox 897 4788 898 4791; x_wconf 66' lang='lat'>,</span> <span class='ocrx_word' id='word_1_525' title='bbox 937 4744 959 4777; x_wconf 77' lang='lat'>¹¹</span> <span class='ocrx_word' id='word_1_526' title='bbox 978 4761 1068 4795; x_wconf 84' lang='lat' dir='ltr'>meam</span> <span class='ocrx_word' id='word_1_527' title='bbox 1080 4746 1131 4795; x_wconf 83' lang='lat' dir='ltr'>inf.</span> <span class='ocrx_word' id='word_1_528' title='bbox 1145 4748 1220 4796; x_wconf 77' lang='lat'><strong><em>2.·..5.</em></strong></span> <span class='ocrx_word' id='word_1_529' title='bbox 1273 4745 1445 4795; x_wconf 80' lang='lat' dir='ltr'>Ieechimum</span> <span class='ocrx_word' id='word_1_530' title='bbox 1501 4744 1645 4794; x_wconf 83' lang='lat' dir='ltr'>admissus.</span> <span class='ocrx_word' id='word_1_531' title='bbox 1660 4745 1730 4794; x_wconf 84' lang='lat' dir='ltr'>omis.</span> <span class='ocrx_word' id='word_1_532' title='bbox 1745 4745 1818 4791; x_wconf 84' lang='lat'><em>2...5.</em></span> 
     </span>
     <span class='ocr_line' id='line_1_48' title="bbox 527 4814 1820 4896; baseline -0.003 -17"><span class='ocrx_word' id='word_1_533' title='bbox 527 4847 578 4879; x_wconf 88' lang='lat' dir='ltr'>nec</span> <span class='ocrx_word' id='word_1_534' title='bbox 598 4832 653 4895; x_wconf 76' lang='lat' dir='ltr'>legi</span> <span class='ocrx_word' id='word_1_535' title='bbox 673 4833 701 4880; x_wconf 91' lang='lat' dir='ltr'>iu</span> <span class='ocrx_word' id='word_1_536' title='bbox 720 4831 893 4896; x_wconf 82' lang='lat' dir='ltr'>autographo</span> <span class='ocrx_word' id='word_1_537' title='bbox 913 4832 1006 4880; x_wconf 86' lang='lat' dir='ltr'>adnot.</span> <span class='ocrx_word' id='word_1_538' title='bbox 1021 4832 1045 4879; x_wconf 77' lang='lat' dir='ltr'>d.</span> <span class='ocrx_word' id='word_1_539' title='bbox 1082 4829 1137 4880; x_wconf 85' lang='lat' dir='ltr'>Sed</span> <span class='ocrx_word' id='word_1_540' title='bbox 1155 4831 1264 4880; x_wconf 84' lang='lat' dir='ltr'>Eresmi</span> <span class='ocrx_word' id='word_1_541' title='bbox 1288 4830 1430 4894; x_wconf 80' lang='lat' dir='ltr'>responsio</span> <span class='ocrx_word' id='word_1_542' title='bbox 1449 4829 1474 4878; x_wconf 90' lang='lat' dir='ltr'>d.</span> <span class='ocrx_word' id='word_1_543' title='bbox 1494 4827 1519 4878; x_wconf 90' lang='lat'>8.</span> <span class='ocrx_word' id='word_1_544' title='bbox 1538 4830 1605 4879; x_wconf 80' lang='lat' dir='ltr'>blei.</span> <span class='ocrx_word' id='word_1_545' title='bbox 1625 4828 1693 4877; x_wconf 82' lang='lat' dir='ltr'>dete</span> <span class='ocrx_word' id='word_1_546' title='bbox 1712 4832 1740 4877; x_wconf 83' lang='lat' dir='ltr'>et</span> <span class='ocrx_word' id='word_1_547' title='bbox 1759 4814 1820 4891; x_wconf 74' lang='lat' dir='ltr'>i&#39;psa</span> 
     </span>
    </p>
   </div>
   <div class='ocr_carea' id='block_1_4' title="bbox 527 4911 1820 5064">
    <p class='ocr_par' dir='ltr' id='par_1_4' title="bbox 527 4911 1820 5064">
     <span class='ocr_line' id='line_1_49' title="bbox 527 4911 1820 4980; baseline -0.002 -19"><span class='ocrx_word' id='word_1_548' title='bbox 527 4915 642 4963; x_wconf 87' lang='lat' dir='ltr'>Lutberi</span> <span class='ocrx_word' id='word_1_549' title='bbox 662 4932 705 4978; x_wconf 88' lang='lat' dir='ltr'>ep.</span> <span class='ocrx_word' id='word_1_550' title='bbox 725 4916 760 4964; x_wconf 82' lang='lat' dir='ltr'>ad</span> <span class='ocrx_word' id='word_1_551' title='bbox 778 4915 1039 4980; x_wconf 86' lang='lat' dir='ltr'>Oecelempedium‚</span> <span class='ocrx_word' id='word_1_552' title='bbox 1065 4919 1096 4964; x_wconf 84' lang='lat' dir='ltr'>ul</span> <span class='ocrx_word' id='word_1_553' title='bbox 1114 4915 1302 4966; x_wconf 74' lang='lat' dir='ltr'>camerarium</span> <span class='ocrx_word' id='word_1_554' title='bbox 1327 4914 1545 4974; x_wconf 86' lang='lat' dir='ltr'>commendaret,</span> <span class='ocrx_word' id='word_1_555' title='bbox 1570 4913 1677 4978; x_wconf 83' lang='lat' dir='ltr'>scripte</span> <span class='ocrx_word' id='word_1_556' title='bbox 1701 4911 1820 4977; x_wconf 85' lang='lat' dir='ltr'>epistula</span> 
     </span>
     <span class='ocr_line' id='line_1_50' title="bbox 529 4997 1819 5064; baseline -0.001 -19"><span class='ocrx_word' id='word_1_557' title='bbox 529 4997 571 5057; x_wconf 80' lang='lat' dir='ltr'>(de</span> <span class='ocrx_word' id='word_1_558' title='bbox 595 4998 681 5047; x_wconf 81' lang='lat' dir='ltr'>Wctte</span> <span class='ocrx_word' id='word_1_559' title='bbox 700 4999 736 5047; x_wconf 87' lang='lat'>11.</span> <span class='ocrx_word' id='word_1_560' title='bbox 750 5016 777 5063; x_wconf 87' lang='lat' dir='ltr'>p.</span> <span class='ocrx_word' id='word_1_561' title='bbox 791 4998 849 5048; x_wconf 82' lang='lat'>501.</span> <span class='ocrx_word' id='word_1_562' title='bbox 863 5000 900 5047; x_wconf 84' lang='lat' dir='ltr'>n‘&#39;.</span> <span class='ocrx_word' id='word_1_563' title='bbox 915 4998 986 5057; x_wconf 70' lang='lat'>593.)</span> <span class='ocrx_word' id='word_1_564' title='bbox 1000 5016 1048 5064; x_wconf 92' lang='lat' dir='ltr'>pre</span> <span class='ocrx_word' id='word_1_565' title='bbox 1068 4998 1193 5049; x_wconf 85' lang='lat' dir='ltr'>clausule</span> <span class='ocrx_word' id='word_1_566' title='bbox 1212 4999 1328 5049; x_wconf 79' lang='lat' dir='ltr'>faciunt.</span> <span class='ocrx_word' id='word_1_567' title='bbox 1398 4997 1421 5030; x_wconf 84' lang='lat'>¹¹</span> <span class='ocrx_word' id='word_1_568' title='bbox 1439 4999 1521 5048; x_wconf 85' lang='lat' dir='ltr'>Mart.</span> <span class='ocrx_word' id='word_1_569' title='bbox 1541 4997 1622 5047; x_wconf 88' lang='lat' dir='ltr'>Lutb.</span> <span class='ocrx_word' id='word_1_570' title='bbox 1642 4998 1712 5046; x_wconf 85' lang='lat' dir='ltr'>omis.</span> <span class='ocrx_word' id='word_1_571' title='bbox 1727 4999 1752 5045; x_wconf 79' lang='lat'>2.</span> <span class='ocrx_word' id='word_1_572' title='bbox 1762 4998 1787 5044; x_wconf 84' lang='grc'>3.</span> <span class='ocrx_word' id='word_1_573' title='bbox 1794 5002 1819 5047; x_wconf 86' lang='grc'>5.</span> 
     </span>
    </p>
   </div>
   <div class='ocr_carea' id='block_1_5' title="bbox 1018 5099 1366 5113">
    <p class='ocr_par' dir='ltr' id='par_1_5' title="bbox 1018 5099 1366 5113">
     <span class='ocr_line' id='line_1_51' title="bbox 1018 5099 1366 5113; baseline -0.006 0"><span class='ocrx_word' id='word_1_574' title='bbox 1018 5099 1366 5113; x_wconf 50' lang='grc' dir='ltr'>*ω</span> 
     </span>
    </p>
   </div>
   <div class='ocr_carea' id='block_1_6' title="bbox 0 0 2204 6084">
    <p class='ocr_par' dir='ltr' id='par_1_6' title="bbox 0 0 2204 6084">
     <span class='ocr_line' id='line_1_52' title="bbox 0 0 2204 6084; baseline 0 0"><span class='ocrx_word' id='word_1_575' title='bbox 0 0 2204 6084; x_wconf 95' lang='lat' dir='ltr'> </span> 
     </span>
    </p>
   </div>
  </div>
 </body>
</html>
