4367 6084
527 689 599 759 292
703 704 903 755 CCCXXXIII.
924 718 1044 754 soonam
1057 720 1161 755 susem
1175 721 1318 757 nnvsnsvs
1332 722 1505 758 Asusamus
1519 724 1652 760 urrinni.

459 879 634 951 §.tempium
657 893 737 934 rintnc
758 880 852 936 solum
873 886 902 936 et
923 882 1042 936 luealur
1056 883 1086 936 el
1100 881 1173 937 alat.
1207 879 1289 937 Nihil
1305 895 1437 952 ttthllttm
1457 879 1601 939 damnari
1612 881 1739 940 Lutheri
1758 880 1821 938 odio

528 981 608 1054 qiiod
629 985 708 1039 recle
729 980 840 1038 dictum
861 986 949 1052 esset,
978 995 1184 1054 necunquam
1208 981 1382 1055 approbabo
1408 983 1488 1039 illius
1516 997 1618 1040 amore
1646 982 1728 1056 quod
1753 982 1823 1039 mihi

434 1083 439 1107 ‘
526 1098 610 1140 secus
632 1082 742 1140 dictum
765 1080 889 1139 oidetnr.
933 1079 968 1139 Si
984 1080 1111 1152 fuissem
1133 1083 1180 1139 illi
1199 1084 1317 1141 iuratus
1345 1089 1398 1142 aut
1425 1084 1505 1141 illins
1525 1085 1693 1155 sodalibus,
1728 1091 1821 1151 tamen

526 1183 672 1242 landatur
691 1185 716 1240 is
735 1167 791 1256 qui
807 1184 962 1256 resipiscit.
1003 1200 1083 1242 nunc
1104 1199 1151 1242 me
1173 1184 1348 1244 dehortante
1366 1201 1415 1242 res
1436 1185 1502 1244 hoec
1519 1193 1618 1260 capta
1639 1192 1697 1244 est.-
1718 1192 1824 1242 omnint

458 1285 594 1353 §.tsuhoc
614 1287 745 1358 impense
763 1283 931 1343 Lulherani
950 1287 1114 1358 pitantiam,
1142 1303 1222 1344 nirrrc
1243 1288 1347 1359 otides
1366 1289 1426 1344 sint
1446 1290 1552 1345 neseio.
1600 1287 1679 1357 (laid
1706 1290 1737 1344 in.
1759 1287 1843 1346 [ιι-5

527 1388 611 1446 thero
631 1388 797 1456 metuerim,
820 1386 958 1445 declarat
977 1389 1033 1447 illa
1050 1389 1154 1462 prima
1173 1391 1299 1462 epistola
1320 1403 1409 1460 quarn
1430 1389 1473 1447 ad
1492 1391 1574 1447 illum
1596 1392 1723 1463 scripsi:
1745 1389 1824 1446 *de-

526 1490 627 1548 sidero
648 1491 678 1547 in
699 1487 824 1548 lutheri
846 1490 967 1561 scriptis
987 1490 1160 1547 modestiam
1182 1496 1211 1548 et
1231 1490 1486 1548 mansuetudinem
1508 1494 1728 1564 uraripelicani,
1759 1499 1826 1549 noto

524 1594 727 1667 pervicaciam
744 1590 953 1658 asseuerandi,·
975 1590 1081 1648 eadem
1103 1606 1160 1663 aaa
1181 1594 1278 1664 mapis
1297 1594 1327 1649 in
1346 1607 1380 1650 eo
1402 1592 1583 1663 desiderem,
1602 1592 1728 1664 famant
1748 1596 1826 1652 illins

528 1694 633 1763 libelli,
666 1694 719 1765 qni
736 1679 887 1766 prodeunt
914 1690 1010 1751 indies
1032 1695 1207 1764 atrociores,
1239 1695 1327 1752 ctiam
1352 1696 1382 1752 in
1405 1700 1530 1751 sammai
1548 1696 1721 1769 principes,
1755 1710 1826 1768 puos

460 1813 527 1863 §.isc
541 1797 644 1870 quales
666 1796 769 1867 areales
789 1801 874 1863 sunt,
895 1808 953 1851 non
975 1795 1155 1870 expediebat
1171 1797 1281 1854 irilari.
1318 1794 1382 1852 *El
1400 1797 1477 1853 inter
1499 1797 1609 1855 amicos
1631 1798 1736 1856 dolans
1764 1799 1870 1855 ali-t
1885 1804 1910 1841 ⁴³

528 1900 640 1972 piicties
661 1898 730 1954 dini
749 1911 795 1954 mc
817 1896 954 1955 dubitare
975 1896 1014 1954 de
1034 1899 1142 1970 spiritu
1164 1899 1258 1969 illius,
1288 1913 1343 1955 nec
1368 1913 1499 1970 unqiram
1524 1905 1623 1957 tamen
1648 1906 1825 1981 certopro

529 2001 678 2059 nunciuoi.
720 1997 784 2056 Hoc
804 2003 917 2056 tantum
939 1998 1082 2056 hactenus
1103 2000 1237 2058 iudicari
1257 1999 1295 2057 cle
1314 1998 1444 2056 luthero
1464 2006 1493 2057 el
1514 2002 1544 2056 in
1566 2015 1601 2057 eo
1622 2001 1825 2059 constantissi-

529 2119 593 2162 mus
611 2101 676 2173 sui,
697 2102 829 2174 scriptis,
853 2100 950 2170 dictis,
969 2103 1063 2171 clam,
1082 2102 1247 2174 palamque
1265 2101 1371 2159 eadem
1390 2104 1558 2172 testificans.
1599 2099 1657 2160 llhi
1672 2109 1718 2160 est
1738 2103 1826 2174 ipilur

530 2207 587 2264 isla
607 2203 753 2262 mirabilis
772 2203 972 2260 inconstantia
993 2198 1082 2260 mea?
1113 2218 1215 2261 uereor
1236 2220 1273 2261 ne
1296 2205 1366 2261 isles
1389 2205 1487 2276 inopis
1507 2202 1643 2275 offendat
1663 2218 1732 2261 mea
1752 2217 1825 2259 con-

461 2307 660 2373 inonstantia.
692 2303 763 2362 ‘Sed
780 2304 912 2362 omnihus
928 2304 1016 2363 nehus
1036 2306 1164 2376 arnissis,
1185 2311 1259 2363 tolus
1276 2305 1365 2377 seror
1383 2307 1413 2362 in
1428 2303 1620 2364 lutherum:
1635 2303 1732 2363 islhac
1747 2303 1826 2362 Hnt-
1862 2311 1915 2350 ¹⁵

530 2417 615 2489 tenus
629 2407 744 2466 andioli
757 2423 797 2464 erc
817 2413 983 2481 compclare
1004 2409 1161 2481 quopiam·
1180 2423 1280 2465 uerum
1297 2409 1342 2465 ael
1357 2423 1397 2464 en·
1414 2406 1527 2465 Achate
1540 2408 1592 2464 illa
1609 2420 1664 2464 sao
1680 2404 1826 2478 Epphen-

449 2574 454 2581 ,
531 2499 637 2585 dor-prio
659 2510 774 2568 discere
789 2510 888 2582 potuit
907 2524 953 2566 me
974 2517 1034 2567 turn
1062 2509 1139 2567 nihil
1162 2511 1259 2568 minas
1286 2524 1377 2581 apere
1405 2526 1495 2582 auam
1523 2509 1578 2567 hoc
1606 2508 1688 2581 quod
1716 2507 1826 2565 ohiicit:

531 2615 590 2670 intro
611 2621 680 2669 tunc
701 2625 840 2681 opressus
864 2625 948 2667 mam
962 2611 1183 2685 paraphrasim
1204 2613 1234 2669 in
1251 2610 1383 2682 anam,
1402 2613 1433 2668 in
1448 2626 1509 2683 qna
1523 2617 1598 2667 totins
1617 2625 1719 2680 eram,
1739 2624 1826 2682 quum

532 2713 612 2771 hanc
644 2696 824 2782 trapadiam
856 2712 1049 2770 exordinatur
1080 2712 1241 2792 Hullenus,
1275 2717 1485 2785 prophanator
1512 2712 1679 2783 eoanpelici
1704 2713 1826 2782 mancii.

463 2833 530 2882 §.ten
544 2813 699 2872 ‘Calenum
717 2814 746 2869 in
767 2814 906 2885 catalopo
920 2816 1062 2887 promiila
1080 2821 1140 2872 tres
1162 2814 1296 2886 dinlopos
1318 2813 1461 2871 aduersus
1478 2811 1666 2870 luthernm':
1686 2812 1829 2886 proferat
1850 2819 1894 2858 ‘2⁰

532 2915 605 2973 inihi
625 2915 681 2972 hoc
704 2914 822 2973 oerhnrn
849 2931 890 2972 ea
908 2916 1028 2990 scriptis
1049 2918 1121 2973 noeis
1148 2916 1292 3000 adiremus
1315 2914 1500 2980 Lulherum„
1525 2916 1574 2972 aio
1597 2915 1636 2972 de
1656 2914 1832 2973 Lnthernno

531 3019 653 3089 maccio
674 3018 865 3075 ‘collationem
891 3020 1009 3090 appello
1032 3020 1128 3077 nerins
1156 3033 1245 3091 qiram
1273 3015 1532 3091 disputationem';
1562 3023 1591 3074 et
1612 3030 1661 3073 eos
1684 3017 1734 3074 aio
1754 3031 1829 3074 cori-

532 3127 629 3193 ceptos
650 3120 747 3202 mauis
767 3132 857 3192 pinam
879 3120 1023 3202 inceptos,
1046 3136 1102 3178 nec
1124 3119 1284 3177 admodum
1307 3121 1338 3175 in
1361 3121 1460 3176 animo
1481 3135 1543 3176 esse
1562 3120 1728 3192 perficere·
1752 3116 1835 3189 qnod

447 3248 449 3251 ·
532 3225 559 3280 si
574 3219 750 3296 perfecere,
773 3237 832 3278 iton
848 3221 1023 3294 prodituros
1043 3224 1101 3279 nisi
1122 3220 1274 3279 autoribus
1295 3221 1341 3278 his
1357 3234 1481 3292 primum
1498 3222 1650 3287 intererit:
1669 3228 1700 3277 et
1714 3221 1827 3277 interim

463 3346 531 3397 §.ssu
543 3339 646 3382 menneo
661 3326 812 3395 lectorcrn,
833 3339 870 3381 ne
884 3340 924 3380 en
942 3323 1001 3382 hac
1012 3325 1228 3398 pollicitatione
1243 3323 1347 3395 saciat
1360 3322 1582 3396 praeiudicium.
1615 3321 1751 3379 Primum
1770 3321 1856 3392 ipio

533 3435 582 3486 tur
602 3442 660 3484 non
679 3427 807 3499 promisi
823 3424 875 3483 hos
895 3424 1046 3497 dialopos,
1069 3432 1099 3482 el
1118 3426 1145 3482 si
1161 3426 1303 3498 promisi,
1322 3439 1380 3481 non
1399 3425 1525 3497 promisi
1536 3426 1663 3497 populo,
1689 3423 1744 3482 setl
1755 3437 1824 3497 pou·

532 3532 605 3601 tifici
620 3528 797 3598 etdcesnri,
820 3533 854 3585 ul
873 3527 978 3586 horum
1003 3525 1129 3605 arhitrio
1150 3529 1195 3584 nel
1217 3533 1399 3600 premantur
1426 3529 1471 3585 ocl
1492 3525 1651 3593 cedantur‚·
1683 3534 1712 3584 et
1732 3527 1763 3584 in
1785 3524 1826 3581 his
1910 3505 1915 3523 ¹

532 3639 629 3690 tamen
650 3631 790 3704 promitto
814 3644 958 3688 summurn
980 3645 1055 3701 erpa
1076 3628 1238 3687 lutherum
1261 3630 1438 3701 multitatem.
1482 3626 1538 3697 (lui
1556 3629 1612 3684 scit
1639 3629 1732 3699 ipitar
1750 3625 1824 3684 Hul-

535 3740 631 3803 lenus,
647 3748 686 3789 an
702 3729 748 3787 his
764 3732 892 3803 dialopis
910 3730 1109 3789 suhleoandus
1125 3732 1163 3788 sit
1176 3729 1335 3800 liutherus,
1353 3745 1393 3786 nn
1410 3724 1617 3801 asstipendns?
1632 3744 1704 3786 nam
1720 3736 1825 3786 utrun-

465 3851 601 3907 fflggpae
618 3833 688 3904 heri
705 3838 810 3904 potest,
833 3847 922 3905 annm
943 3833 1005 3891 illic
1027 3829 1191 3901 adfuturus
1219 3834 1257 3889 sit
1284 3833 1336 3905 qui
1358 3830 1482 3890 Lutheri
1506 3835 1610 3904 parles
1638 3838 1720 3903 apat.
1762 3830 1850 3888 Inmn

534 3935 626 3993 audio
647 3933 789 4007 quosdam
810 3932 939 3990 dicentes
961 3932 1092 3990 ‘Interea
1111 3933 1269 4008 suspendis
1288 3932 1437 3990 hominum
1458 3935 1587 4001 animos,
1610 3935 1663 4004 qui
1682 3948 1741 3991 non
1756 3946 1826 4006 pro-

533 4037 656 4093 nuncies
676 4033 750 4106 pnid
769 4035 879 4092 sentias
900 4034 938 4092 rte
956 4032 1104 4094 Luthero'.
1148 4036 1282 4093 Primum
1312 4051 1366 4092 nec
1396 4040 1483 4092 uacat
1509 4034 1664 4092 inlendcre
1692 4034 1826 4107 hisque

533 4140 627 4197 mulla
648 4135 749 4194 scrihil
766 4134 927 4206 lutherus,
960 4139 1033 4196 elsi
1053 4143 1191 4210 noceret,
1222 4137 1259 4196 de
1286 4144 1344 4194 toto
1370 4138 1492 4209 rapodo
1517 4137 1726 4208 pronunciare
1746 4138 1827 4206 lonpe
1888 4134 1892 4146 '

533 4257 631 4315 supra
646 4240 722 4297 oircs
735 4254 817 4298 meas
830 4245 881 4297 est.
920 4237 999 4308 (inid
1013 4246 1111 4299 autern
1120 4215 1341 4313 pronuncieml
1362 4240 1390 4295 si
1402 4245 1489 4295 tolum
1504 4218 1667 4295 L‘utherum
1683 4237 1826 4303 damnem,

533 4344 617 4403 uideo
638 4343 688 4401 eui
704 4344 790 4416 parti
809 4341 923 4400 addam
946 4344 1059 4400 animos
1079 4347 1109 4400 cl
1126 4349 1269 4414 quantum
1289 4340 1430 4398 honarum
1445 4339 1586 4408 ohruam,·
1606 4340 1635 4396 si
1648 4344 1739 4397 toturn
1752 4350 1855 4414 pron

534 4447 610 4519 hem,
637 4446 768 4520 primurn
794 4443 899 4516 secero
927 4451 1124 4517 arrepunter,
1157 4430 1358 4516 qiti'prohcm
1391 4458 1459 4513 qnoe
1485 4440 1568 4512 sorte
1596 4455 1656 4498 non
1691 4441 1827 4512 intellipo,

534 4549 668 4608 *deinde
690 4549 842 4607 coniecere
861 4563 908 4605 me
929 4549 959 4605 in
978 4546 1159 4618 factionem,
1180 4561 1248 4617 qnnoe
1264 4544 1413 4618 plurimos
1434 4541 1523 4600 hahet
1544 4557 1612 4600 cum
1634 4543 1740 4616 animis
1761 4540 1832 4599 mihi

467 4677 535 4728 μεθ,
548 4653 623 4711 nihil
643 4652 726 4708 oelim
748 4666 810 4709 essc
837 4650 1013 4709 commercii.
1066 4647 1124 4718 Qui
1147 4646 1310 4705 lutherum
1340 4645 1480 4715 oderunt,
1514 4645 1604 4726 etiarn
1635 4659 1683 4701 me
1716 4649 1828 4702 tacente

536 4757 678 4817 oderunt:
699 4753 752 4824 (μα’
768 4750 887 4822 fauent,
911 4765 970 4808 nan
992 4750 1058 4808 ideo
1077 4749 1221 4821 pauitant
1239 4762 1335 4806 meam
1356 4749 1547 4818 sententiam,
1576 4752 1608 4804 nt
1629 4759 1750 4818 aepuirm
1772 4763 1831 4803 au-

536 4858 634 4926 diant,
661 4852 716 4912 sed
737 4858 770 4910 ul
790 4853 920 4911 hahennt
939 4869 1003 4911 sure
1028 4852 1181 4910 sententia
1199 4854 1474 4924 propupoalorem,·
1500 4849 1528 4906 si
1553 4847 1682 4905 divisero
1708 4853 1860 4905 senlac-tu

535 4963 621 5029 tiam,
644 4957 759 5027 ulripue
777 4956 864 5027 parti
883 4954 1023 5026 qnondam
1043 4954 1188 5023 trihuens,
1207 4952 1352 5026 'quaedam
1372 4950 1523 5018 adimens,
1552 4951 1692 5021 utrinque
1712 4964 1759 5006 nte
1782 4949 1832 5006 di-

534 5057 729 5119 lacerandum
750 5053 925 5129 praebuero,
955 5071 1009 5114 nec
1025 5055 1118 5114 aliud
1136 5069 1225 5127 quam
1254 5068 1342 5112 nonos
1362 5054 1497 5112 excitare
1525 5052 1680 5110 tumultus:
1709 5045 1831 5124 *itaque
