4367 6084
516 741 716 793 cccxxxtn.
737 757 857 792 sponsus
870 755 974 792 suasus
986 746 1130 792 anvaasss
1143 753 1317 791 asnaamsas
1330 753 1464 819 avisant.
1569 719 1643 792 313
1665 722 1668 727 ⁴

337 920 462 990 partem
478 915 684 989 epistdarum,
707 930 783 987 uuas
796 914 840 972 ad
859 929 905 972 nse
926 912 1059 972 scribunt
1076 914 1232 986 principes
1253 927 1291 969 oc
1311 911 1404 980 docti,
1425 910 1481 968 sed
1496 910 1645 968 interdum
1693 913 1695 917 ’

344 1032 401 1075 eas
421 1030 627 1086 commemoro,
657 1030 715 1088 quo
744 1031 790 1074 me
811 1022 897 1073 tuear
917 1015 1062 1073 aduersus
1083 1013 1297 1088 impudentiam
1324 1011 1569 1078 obtrectatorum:
1590 1028 1645 1068 nec

346 1120 427 1177 enirn
449 1118 518 1175 aliis
535 1117 690 1190 praesidiis
712 1117 857 1176 aduersus
878 1119 943 1175 illos
966 1131 1109 1190 pappare
1129 1130 1264 1188 possum,
1293 1128 1348 1171 nec
1369 1115 1438 1171 aliis
1458 1113 1644 1170 memineritis

347 1219 493 1278 bnctcnus
514 1218 659 1277 aduersus
680 1219 798 1277 illorum
825 1218 1038 1293 improbitatem
1065 1217 1192 1285 substiti,
1220 1217 1291 1285 nisi,
1318 1221 1350 1272 ut
1369 1215 1450 1284 dixi,
1476 1204 1644 1272 innocentia

322 1327 378 1380 set
398 1320 540 1379 omnum
559 1336 597 1379 ac
614 1321 786 1394 principum
805 1319 923 1389 sanare.
967 1317 1126 1393 Nunquam
1148 1319 1229 1376 euim
1243 1318 1366 1387 iactavi,
1389 1316 1470 1388 quod
1490 1317 1632 1374 illustris·
1644 1322 1712 1372 §.³³⁷-

346 1424 439 1480 simus
460 1423 605 1496 princeps
623 1421 851 1492 Ferdinandus,
873 1421 1094 1479 humanissimis
1118 1420 1212 1479 literis
1231 1434 1277 1477 me
1302 1419 1362 1475 iam
1384 1419 1490 1475 iterum
1511 1416 1646 1475 honora

349 1527 402 1594 uit,
430 1524 511 1596 quod
534 1523 697 1582 bonuaria
724 1523 906 1596 amplissimo
932 1500 1053 1579 donauit
1079 1537 1135 1580 nec
1155 1512 1328 1579 ambisntem
1350 1534 1404 1576 nec
1425 1525 1646 1593 cumulantem:

348 1625 430 1699 quod
444 1640 502 1683 rex
521 1624 629 1683 Gallia
643 1626 725 1682 toties
739 1624 783 1681 ad
796 1623 1014 1681 honestissimos
1029 1623 1210 1682 conditiones
1227 1623 1343 1690 inuitat,
1362 1621 1455 1679 literis
1467 1623 1555 1678 etiam
1568 1637 1646 1693 pro-

346 1728 420 1800 pria
447 1742 540 1784 mnu
559 1726 728 1800 descriptis,
757 1724 791 1782 id
810 1725 892 1797 quod
908 1729 1019 1797 nepout
1039 1740 1105 1782 eum
1127 1731 1172 1783 ter
1192 1740 1212 1781 a
1232 1737 1344 1781 corona
1363 1727 1499 1795 suscepta
1518 1720 1647 1793 secisse·

315 1828 430 1902 toquod
445 1829 524 1886 idem
535 1828 711 1901 ‘nuperrime
727 1823 804 1896 fecit
814 1842 872 1884 rea
892 1826 1018 1898 triplice.
1063 1826 1162 1900 itaque
1178 1828 1259 1884 iutra
1276 1839 1392 1899 paucos
1406 1839 1519 1881 meuses
1532 1838 1551 1880 a
1566 1839 1647 1896 aaa·

350 1937 418 1987 tuor
438 1928 517 1987 orbis
539 1928 710 1986 mactaretis
731 1929 836 2002 accepi
853 1929 970 2000 literas,
994 1927 1129 1997 Caesare,
1150 1943 1222 2001 repe
1244 1927 1412 1998 Gallorum,
1435 1942 1506 1998 repe
1528 1924 1646 1998 duplice

348 2037 376 2089 et
396 2030 602 2088 ferdinando.
647 2025 747 2088 *llaec
768 2031 795 2086 si
820 2029 942 2088 liaberet
962 2028 1124 2099 Haeduus,
1153 2044 1229 2101 quas
1255 2030 1370 2101 plurius
1390 2025 1473 2086 nobis
1492 2014 1715 2101 cistarciis-³³8.

350 2125 477 2190 *scribit
493 2136 523 2189 ei
538 2133 601 2205 ipse
618 2130 799 2200 Caesaribus,
821 2130 1028 2189 cardinalibus
1044 2146 1082 2191 ac
1096 2132 1213 2188 nunciis
1231 2131 1416 2205 apostolicis:
1437 2129 1492 2187 sed
1504 2128 1571 2202 quis
1586 2145 1646 2186 ten-

349 2247 439 2305 auom
461 2233 507 2290 illi
522 2227 698 2306 rescripsit?
718 2222 824 2290 eadem
844 2246 936 2304 opera
950 2231 1081 2290 scribere
1097 2241 1196 2305 posset
1210 2233 1327 2306 superis
1347 2238 1376 2289 et
1391 2230 1508 2303 inseris.
1541 2230 1646 2300 (luan-

319 2349 441 2407 uauam
456 2334 630 2407 principum
650 2348 725 2405 erpa
747 2348 793 2390 uie
809 2331 947 2403 [animem
966 2350 1004 2391 ac
1018 2335 1248 2404 munificentiam
1264 2333 1439 2407 predicare
1453 2348 1511 2389 uon
1527 2334 1647 2391 iactan-

349 2437 398 2492 tite
419 2440 476 2503 est,
505 2434 559 2492 sed
577 2434 780 2506 pratimdiuis.
824 2434 921 2492 Porro
940 2435 1021 2508 quod
1040 2433 1084 2491 ad
1103 2434 1288 2492 eruditorum
1311 2433 1542 2507 praedicationes
1563 2428 1635 2491 otti·
1647 2439 1715 2490 §.³³⁹-

350 2543 411 2607 net,
434 2524 527 2594 babeo
544 2536 657 2593 scrinia
673 2536 767 2608 plena
789 2536 1007 2594 laudatricibus
1026 2537 1145 2594 illarum
1166 2537 1313 2610 epistolis,
1334 2543 1363 2594 et
1383 2535 1512 2609 quotidie
1525 2537 1648 2593 mittun-

350 2637 566 2709 iucundique,
589 2652 664 2708 quas
685 2638 840 2708 aliquoties
861 2654 916 2696 uec
936 2639 1019 2710 lopo:
1047 2637 1124 2696 adeo
1145 2640 1227 2696 nullo
1245 2639 1402 2696 literarum
1420 2653 1531 2710 aenae
1552 2638 1649 2694 minias

352 2737 500 2796 delector:
523 2737 574 2795 ubi
594 2752 663 2795 uero
681 2753 811 2811 apuosco
828 2754 865 2797 ac
885 2740 993 2798 deamo
1014 2739 1119 2797 laudes
1141 2738 1214 2797 milti
1234 2734 1413 2798 attributas?
1434 2755 1474 2796 an
1496 2754 1554 2796 non
1571 2754 1649 2812 per-

311 2845 441 2913 aspetuo
460 2841 591 2898 reclamo
606 2841 772 2912 munificis
793 2841 851 2899 illis
871 2841 1025 2912 laudibus,
1048 2858 1124 2914 quas
1145 2842 1274 2913 quidam·
1288 2842 1319 2899 im
1340 2857 1387 2899 me
1402 2839 1602 2914 profundunt,
1620 2848 1650 2899 et

351 2942 465 3014 capite,
485 2940 635 3012 munima,
656 2941 786 3016 pedibus
808 2947 921 3015 totoque
939 2958 1064 3018 corpore
1081 2938 1197 3001 renuo?
1226 2941 1307 3000 Adeo
1328 2958 1397 3000 uero
1421 2958 1466 2999 me
1484 2942 1565 3014 sarit
1585 2944 1636 3000 in·
1648 2950 1716 3000 isio.

353 3042 465 3111 nidum,
488 3047 522 3099 ui
539 3057 594 3100 nec
615 3045 743 3101 maiores
754 3044 854 3115 pluria
872 3046 1027 3114 florentes,
1050 3061 1105 3104 nce
1119 3045 1265 3103 minorum
1278 3050 1508 3102 succrescentem
1520 3046 1650 3117 pluriam

328 3204 339 3232 ο
349 3143 438 3215 serre
456 3145 577 3217 possim.
622 3143 687 3218 Epo
705 3160 775 3202 uero
795 3142 952 3217 suffrapiis
973 3147 1101 3202 omnium
1121 3146 1174 3217 otti
1191 3145 1308 3202 diutino
1324 3145 1534 3203 consuetudine
1555 3160 1651 3202 mores

353 3260 431 3303 meos
451 3246 582 3316 counitos
604 3261 642 3304 ac
658 3254 830 3319 perspectos
848 3245 970 3315 babent,
998 3262 1124 3319 quorum
1147 3245 1294 3304 liuttenus
1314 3262 1354 3304 ea
1373 3247 1479 3320 paucis
1500 3247 1651 3318 colloquiis

311 3363 386 3407 asse
401 3362 552 3405 censorem
571 3345 658 3418 fecit,
684 3349 819 3405 euinearn
838 3362 885 3404 me
905 3363 963 3405 non
982 3349 1079 3405 minus
1101 3346 1202 3405 abesse
1220 3346 1258 3403 ab
1280 3346 1393 3405 inuidia
1414 3361 1540 3419 quamn
1562 3362 1649 3404 meu-

354 3448 451 3506 dacio.
496 3447 602 3517 Quaeso
620 3449 685 3521 quis
706 3464 836 3521 unquam
858 3450 890 3506 in
907 3450 969 3507 suis
988 3448 1072 3506 libris
1089 3450 1194 3522 plures
1211 3447 1346 3506 laudauit
1364 3452 1424 3505 ium
1437 3447 1565 3505 maiores
1579 3453 1639 3505 tum
1651 3455 1719 3505 tau.

353 3551 495 3620 minores,
523 3552 570 3608 uel
592 3551 713 3623 plenius
738 3551 784 3608 uel
803 3545 987 3608 candidius?
1014 3565 1140 3623 quorum
1169 3550 1388 3623 aliquammulti
1412 3554 1494 3619 sunt,
1526 3563 1650 3621 quorum

353 3651 482 3709 mundus
499 3651 619 3708 nomina
640 3666 700 3708 non
724 3657 833 3721 nosset,
854 3653 912 3709 nisi
928 3653 999 3710 meis
1015 3653 1135 3726 scriptis
1147 3651 1282 3725 prodita.
1326 3650 1388 3709 Sed
1409 3648 1553 3708 Huttenus
1573 3649 1651 3706 obii-

353 3754 407 3822 cit,
428 3751 585 3825 quodidie
607 3752 726 3811 laudem
748 3754 852 3811 multos
871 3754 1018 3826 indiauos.
1063 3755 1144 3811 itane
1165 3755 1218 3826 qui
1241 3754 1273 3810 iu
1302 3752 1382 3811 lianc
1397 3757 1518 3826 partem
1533 3756 1649 3825 peccat,

320 3853 472 3914 minoidus
494 3848 560 3910 ast?
583 3852 652 3922 (luis
670 3870 755 3927 oeqae
775 3855 893 3912 sudauit
912 3856 944 3913 in
965 3854 1153 3913 restituendis
1174 3855 1291 3912 uetustis
1313 3848 1486 3912 autoribus?
1518 3853 1563 3910 An
1586 3853 1719 3912 loaisa.

354 3964 397 4013 est
418 3954 552 4012 inuidere
578 3949 761 4012 maioribus?
783 3957 849 4028 quis
870 3958 943 4030 plus
971 3956 1072 4021 tribuit
1090 3955 1267 4026 Laurentio,
1296 3954 1470 4026 Hermolao,
1497 3954 1651 4027 Politiano,

356 4221 378 4254 ³²
402 4220 465 4288 imo]
489 4222 633 4271 Habemus
662 4227 724 4271 tuas
755 4230 782 4271 te
812 4223 974 4273 refellentes
1001 4225 1148 4288 epistolas,
1177 4228 1305 4287 Eiusne,
1333 4232 1378 4275 sat
1404 4242 1504 4291 inagna
1530 4240 1651 4275 numero.

356 4304 472 4371 ⁸Nnnq.
492 4303 546 4371 en]
577 4306 761 4369 desponderit
780 4306 880 4372 aliquis
900 4308 1016 4356 ‘tantuin
1041 4324 1094 4358 non
1119 4306 1192 4373 apud
1215 4312 1331 4368 omnes’;
1362 4311 1438 4373 atqui
1462 4310 1487 4358 si
1511 4309 1575 4358 olim
1599 4325 1651 4359 non

358 4392 508 4452 lactasses,
539 4405 612 4438 nunc
630 4394 723 4440 tamen
743 4391 842 4440 iactas.
909 4389 929 4423 ¹⁰
947 4389 1025 4455 itam]
1046 4376 1266 4457 Pyrgopolinicis
1285 4394 1427 4457 respondit
1444 4394 1621 4457 Artotrogus:

617 4526 620 4530 ,
644 4474 782 4524 Molestioe
801 4480 877 4536 sunt,
898 4481 990 4530 orant,
1010 4475 1147 4536 ambiunt,
1168 4477 1329 4537 obsecrant,

612 4554 615 4560 ’
644 4559 745 4609 Videre
765 4564 795 4608 ut
812 4558 913 4619 liceat,
934 4559 970 4608 ad
988 4574 1050 4607 sese
1070 4562 1178 4609 accersi
1198 4561 1301 4619 iubent,

645 4642 683 4692 Ut
703 4647 749 4692 tuo
768 4641 822 4692 non
840 4642 928 4692 liceat
946 4658 1058 4707 operam
1077 4643 1143 4692 dare
1162 4646 1284 4709 negotia.

358 4725 378 4759 ¹²
396 4741 465 4791 quas
478 4723 526 4791 gb]
545 4725 657 4787 Nullas,
677 4731 752 4791 puto.
790 4724 810 4757 ¹⁸
829 4724 935 4793 gratia]
956 4732 983 4776 ot
996 4727 1218 4776 mendicationis.
1260 4725 1281 4758 ¹⁸
1300 4726 1378 4791 adeo]
1393 4728 1508 4790 iocaris,
1522 4729 1651 4778 Erasme.

356 4808 379 4842 ¹⁰
401 4810 539 4861 reclamas
570 4809 680 4870 laudes,
710 4809 773 4858 dum
796 4809 925 4860 laudibus
948 4810 1102 4859 reclamare
1126 4811 1214 4859 sideri
1238 4812 1289 4859 vis.
1358 4810 1379 4843 ²¹
1404 4813 1465 4877 ped.
1490 4818 1539 4862 tot.
1565 4812 1651 4879 corp]

356 4895 452 4944 Nonne
476 4894 529 4943 hoc
553 4894 717 4942 inurbanum
742 4898 803 4943 est?
877 4893 957 4959 iacit]
983 4894 1111 4943 Scribere
1135 4894 1259 4944 debebas
1281 4895 1366 4944 ‘ieci’.
1436 4893 1458 4926 ²⁵
1476 4912 1530 4946 non
1553 4896 1651 4962 minus]

357 4978 427 5041 qnod
446 4978 619 5028 concesserit
631 4978 779 5027 Hnttenns.
827 4977 849 5009 ²⁸
867 4994 920 5028 non
939 4976 976 5045 n]
997 4978 1095 5041 Itaque
1114 4980 1158 5028 cui
1178 4978 1249 5028 bono
1267 4979 1362 5027 novit?
1408 4978 1428 5011 ³¹
1448 4981 1517 5042 Quis
1530 4979 1577 5046 pl.]
1597 4982 1652 5031 lte·

357 5076 413 5111 rum
432 5061 610 5112 laudationes
628 5076 692 5112 suas
711 5062 826 5113 laudare
846 5063 953 5127 incipit.
1023 5059 1118 5128 [laun]
1138 5062 1233 5113 Valla.
1253 5063 1329 5113 Cave
1348 5064 1417 5127 tibi,
1436 5058 1560 5116 Erasme.
