4367 6084
542 719 616 790 268
714 733 914 784 cccxxxssl.
937 750 1058 786 sponsis
1071 751 1175 786 nessus
1190 751 1334 787 nnvsssvs
1347 750 1521 787 nsrsnassszs
1536 753 1669 787 avarem.

541 908 738 1004 asperserim',·
770 906 851 978 quod
866 904 1018 981 Theotaqis
1037 908 1269 967 lovaniensibus
1289 914 1318 966 et
1338 910 1407 966 aliis
1428 911 1578 968 nonnullis
1598 912 1653 966 sim
1673 909 1833 976 blanditus;
1877 928 1880 932 ·

544 1010 669 1081 denique
690 1007 770 1081 quod
791 1009 883 1066 subito
906 1009 1079 1068 desciverim
1102 1010 1141 1068 ab
1158 1012 1328 1081 euanqetieo
1350 1014 1471 1084 neqocia
1493 1018 1521 1068 ct
1543 1011 1586 1068 ud
1606 1012 1694 1068 tritius
1715 1010 1833 1068 subaer-

475 1115 534 1164 §.ltu
543 1112 652 1169 sionem
678 1116 766 1167 totum
792 1113 923 1168 animum
950 1111 1135 1169 intenderim.
1178 1112 1230 1169 *et
1249 1113 1366 1169 interim
1388 1115 1535 1186 promittit
1555 1129 1586 1170 se
1606 1112 1736 1170 libellum
1759 1114 1832 1183 intra

543 1212 673 1269 triduum
690 1229 751 1285 pcr
767 1211 917 1281 famulum
938 1214 1112 1270 missurum:
1137 1214 1222 1285 atqui
1239 1213 1327 1271 buius
1343 1216 1515 1287 exemplar,
1538 1216 1598 1271 iam
1619 1214 1669 1272 liic
1686 1230 1745 1288 per
1759 1215 1832 1271 mut-

544 1321 638 1371 torum
660 1329 766 1372 marius
789 1321 950 1386 uersatum,
982 1316 1101 1371 missum
1131 1321 1198 1371 erat
1223 1313 1436 1387 Titurreqium,
1463 1323 1492 1373 et
1515 1318 1644 1389 populus
1668 1315 1743 1372 mitri
1762 1328 1852 1372 nar-s

474 1415 632 1477 §.iurabat
659 1416 733 1488 qnid
756 1413 912 1491 Hullenus
931 1417 961 1472 in
990 1431 1035 1473 me
1062 1418 1236 1489 scripsisset.
1280 1416 1455 1490 Respondeo
1473 1433 1530 1489 per
1550 1418 1653 1474 literas
1674 1417 1719 1475 ad
1738 1417 1834 1490 capita

543 1534 610 1590 quie
627 1519 735 1590 primis
754 1519 847 1574 literis
867 1523 1079 1590 proposuerat,
1100 1519 1192 1574 multa
1211 1533 1331 1576 monens
1349 1535 1417 1592 qua
1434 1534 1492 1576 non
1511 1520 1608 1575 minus
1622 1521 1651 1576 in
1668 1535 1731 1577 rem
1746 1520 1835 1592 ipsius

542 1627 629 1676 erant
650 1633 739 1691 quam
761 1633 866 1677 meam.
908 1612 1102 1691 *Respondet
1119 1621 1345 1691 paulominus,
1369 1623 1428 1678 iam
1447 1621 1577 1678 extincto
1599 1620 1767 1678 Francisco
1786 1619 1835 1675 Si-

542 1720 643 1790 cbina,
670 1725 699 1777 et
719 1721 798 1778 banc
817 1719 882 1791 sert
905 1719 1116 1790 conditionem,
1144 1720 1252 1778 tibrum
1275 1723 1334 1778 iam
1356 1738 1419 1779 esse
1439 1723 1558 1779 missum
1581 1721 1784 1795 typoqrapbo,
1806 1727 1836 1777 ut

542 1822 758 1891 obticescerern,
787 1823 829 1879 ita
850 1836 958 1894 pacem
981 1826 1069 1894 atquc
1096 1823 1183 1879 ctiam
1207 1824 1367 1880 einricitiarn
1392 1821 1463 1893 sare
1490 1826 1567 1880 inter
1590 1838 1657 1893 nos,
1678 1824 1866 1891 sibertune

475 1930 576 1986 §.unit
592 1930 690 1982 antea.
730 1920 862 1981 Tandem
882 1923 1017 1980 redditus
1038 1929 1081 1979 est
1102 1923 1230 1993 libellus,
1252 1941 1307 1981 nec
1328 1924 1497 1996 obsiqnalus
1513 1941 1567 1983 nec
1582 1924 1736 1996 obliquius.
1772 1939 1836 1980 eum

540 2040 677 2099 premere
698 2039 786 2097 quum
809 2026 868 2082 iam
891 2041 945 2082 nec
966 2025 1026 2097 ipsi
1046 2023 1170 2082 liutteuo
1190 2032 1264 2082 esset
1284 2027 1314 2083 in
1338 2041 1444 2096 manet,
1467 2032 1563 2083 tumen
1585 2032 1675 2082 erant
1694 2027 1747 2098 qui
1762 2026 1837 2082 serio

472 2171 475 2176 .
542 2132 678 2198 operent,
702 2131 733 2183 ut
751 2127 841 2184 missa
859 2127 946 2183 etiarn
964 2128 1114 2199 pecunia,
1138 2129 1166 2183 si
1185 2129 1301 2199 superis
1318 2130 1434 2200 placet,
1464 2129 1677 2200 impetraretur
1698 2128 1737 2185 ab
1759 2126 1837 2183 Hul-

542 2235 621 2298 leno,
653 2244 690 2286 ne
712 2226 858 2301 prodiret.
912 2225 976 2299 Eqa
1004 2229 1238 2286 constantissime
1265 2228 1407 2301 respondi
1434 2232 1572 2301 optimum
1599 2228 1698 2298 fuisse
1729 2227 1835 2285 tibrum

541 2330 686 2390 eiusmodi
717 2343 869 2401 nunquam
901 2328 1005 2390 scribi,
1038 2336 1178 2386 calama
1205 2338 1308 2404 postea
1336 2346 1424 2402 qoniam
1453 2333 1512 2387 ium
1540 2318 1665 2402 sprarsns
1690 2336 1777 2399 essct,
1811 2336 1867 2386 etis

541 2435 650 2492 exisset
671 2434 783 2488 autoris
805 2445 925 2498 manus,
948 2429 1024 2487 nibil
1043 2447 1106 2488 esse
1126 2433 1229 2488 melius
1248 2447 1336 2504 quam
1356 2433 1494 2503 eunlqari
1507 2433 1726 2504 quamprimum
1750 2433 1834 2504 typis.

541 2544 570 2594 et
591 2535 624 2593 id
644 2549 689 2590 me
707 2539 883 2589 curaturum
905 2519 967 2588 meo
994 2539 1112 2604 sumptu
1135 2523 1286 2604 pollicitus
1308 2548 1387 2602 sum,
1417 2535 1445 2591 si
1462 2524 1573 2591 sistente
1590 2535 1678 2603 lieret
1699 2531 1833 2589 Hutteno.

473 2653 532 2704 §.nn
542 2637 663 2694 Interea
684 2633 857 2702 commiqrat
881 2628 1078 2703 Titurreqium
1100 2631 1253 2690 Hullenus.
1304 2634 1374 2691 inde
1394 2634 1508 2703 scribit,
1540 2640 1571 2691 ut
1591 2634 1647 2691 boc
1666 2632 1786 2704 sactum
1806 2634 1834 2689 in

543 2740 616 2795 Aten
645 2734 832 2793 Homericam
858 2734 1041 2801 reiiciamus,
1072 2740 1140 2806 post
1165 2733 1230 2791 blec
1260 2738 1360 2792 amnia
1384 2736 1563 2808 prudentius
1595 2742 1732 2793 acturum
1765 2750 1834 2792 sese.

472 2838 696 2903 snsPraeterea
721 2834 797 2893 nibil
817 2840 914 2892 actum
936 2841 979 2892 est
1000 2836 1076 2892 inter
1098 2851 1159 2893 nos.
1205 2835 1279 2894 Hac
1300 2840 1398 2895 omnia
1425 2840 1468 2895 sic
1490 2837 1613 2906 babere,
1639 2852 1723 2894 nermo
1740 2840 1866 2909 potesta

539 2956 603 2999 esse
624 2939 702 2997 testis
724 2939 819 3008 maqis
841 2936 963 2994 idoneus
983 2932 1072 3009 qiam
1093 2935 1347 3012 Eppbendarpius
1375 2941 1427 3012 qui
1451 2956 1491 2997 en
1519 2945 1559 2996 tat
1586 2939 1658 2996 meis
1678 2937 1781 2995 liberis
1800 2952 1836 2993 ac

537 3039 744 3113 familiaribus
771 3039 923 3111 colloquiis
948 3039 1019 3095 sutis
1046 3039 1257 3097 animaduertit
1277 3055 1323 3098 me
1339 3057 1452 3113 purum
1473 3042 1563 3098 amici
1582 3040 1678 3097 animi
1696 3038 1835 3109 affectum

542 3148 601 3200 tum
623 3141 778 3199 obtinuisse
798 3156 873 3212 erpa
889 3137 1062 3210 Huttenum,
1084 3147 1113 3197 et
1133 3155 1153 3196 a
1176 3143 1256 3198 nritlo
1276 3142 1371 3198 mireris
1392 3144 1572 3214 suspicatum
1592 3141 1710 3198 bostitia
1730 3141 1836 3197 enori-

475 3253 613 3310 s.n.tnra
635 3258 725 3317 quarn
749 3243 787 3300 ab
803 3245 862 3300 itta.
893 3235 957 3300 'llos'
975 3248 1019 3298 cst
1039 3243 1132 3312 iqitur
1158 3244 1214 3298 ista
1239 3242 1454 3311 inhumanitus,
1476 3258 1564 3314 quam
1581 3241 1728 3299 Hullenus
1744 3240 1836 3298 uubis

539 3339 728 3420 eunqqerat?
760 3343 811 3400 ubi
831 3349 1012 3415 contemptus
1036 3344 1112 3399 trunti
1132 3338 1211 3399 uiri?
1246 3343 1296 3400 ubi
1318 3351 1411 3400 meliis
1434 3359 1521 3400 steine
1549 3345 1628 3401 itlius
1655 3344 1864 3416 expostula-u

540 3451 625 3508 lionis
647 3462 735 3521 quarn
759 3446 904 3501 sustinere
925 3457 982 3501 non
1004 3439 1184 3515 potuissem?
1214 3442 1335 3503 Blande
1355 3446 1474 3516 rapaci,
1502 3461 1539 3501 ne
1558 3447 1623 3501 sine
1643 3460 1738 3502 eausa
1756 3459 1833 3515 qra-

540 3558 623 3608 uaret
642 3551 769 3605 amicum
792 3545 905 3603 inuidia
925 3546 994 3617 plus
1016 3546 1088 3600 satis
1107 3550 1285 3616 praeatum·
1320 3561 1377 3603 non
1399 3546 1561 3603 detrectavi
1578 3547 1770 3618 colloquium,
1790 3546 1833 3601 si-

540 3650 613 3724 quid
638 3655 712 3706 esset
738 3647 826 3705 seria
856 3646 917 3711 rei,·
952 3645 1047 3704 detuli
1072 3647 1164 3705 amici
1188 3645 1336 3717 osticium,
1363 3649 1453 3705 etiam
1480 3664 1571 3719 usqne
1597 3647 1642 3702 nd
1665 3648 1833 3718 pecuniam,

540 3766 630 3824 quum
652 3765 717 3806 mea
739 3750 865 3804 tennitas
887 3748 1043 3819 impartire
1062 3750 1211 3821 patrasset.
1255 3750 1401 3821 postrema
1421 3749 1512 3806 obtuli
1532 3750 1723 3820 colloquium,
1746 3751 1832 3806 eliam

472 3869 490 3920 i.
497 3872 530 3912 ns.
540 3855 567 3910 si
586 3851 662 3908 nibil
681 3854 756 3907 esset
777 3850 865 3906 seriae
891 3851 949 3917 rei,
978 3849 1063 3906 modo
1090 3851 1132 3906 ita
1160 3849 1277 3907 sederet
1297 3851 1396 3907 animo
1416 3852 1504 3908 iltius.
1549 3849 1679 3907 delectus
1700 3856 1746 3907 est
1766 3850 1865 3907 anau

539 3953 659 4023 neqocio
684 3951 830 4024 interpres
850 3951 1001 4021 protiosus
1022 3966 1060 4007 ac
1084 3952 1166 4008 ciuili
1187 3950 1353 4022 secundia,
1381 3953 1434 4024 qui
1453 3952 1554 4024 siquid
1575 3953 1667 4008 etium
1686 3951 1835 4009 balruisset

470 4073 476 4078 ·
538 4053 601 4110 odii
620 4068 668 4110 res
689 4053 770 4124 ipsa,
790 4067 967 4123 qenerosus,
988 4057 1132 4122 coponius
1152 4058 1181 4108 et
1201 4053 1295 4108 ciuilis
1311 4054 1457 4125 interpres
1478 4055 1572 4111 lenire
1589 4054 1744 4126 potuisset.
1779 4053 1834 4111 Li-

538 4159 606 4227 quet
626 4154 718 4225 iqitnr
739 4169 826 4225 quam
855 4168 913 4209 non
944 4168 997 4208 suo
1024 4153 1087 4209 loeo
1115 4151 1195 4209 dicto
1220 4153 1279 4209 sint
1299 4154 1352 4209 illa
1374 4146 1457 4211 toties
1478 4152 1620 4221 Hulleno,
1649 4156 1833 4227 ‘repulistia

539 4251 701 4328 colloquio’.
749 4254 813 4326 Epo
843 4260 874 4311 ut
901 4259 961 4311 tum
989 4267 1072 4309 eram
1100 4251 1240 4323 affectus,
1270 4257 1314 4311 ret
1335 4254 1535 4312 Constantiam
1561 4259 1653 4326 usquc
1675 4271 1734 4312 non
1755 4271 1834 4327 qra-

541 4365 624 4415 oatus
649 4356 775 4428 fuissem
799 4354 989 4426 etdeqnitnre,
1017 4355 1045 4409 si
1063 4355 1215 4411 sensissem
1239 4355 1294 4412 troc
1313 4357 1390 4413 seria
1407 4355 1528 4427 referre
1550 4355 1687 4424 Hulleni,·
1719 4364 1864 4415 taritumta

471 4460 633 4529 §.suabest
660 4465 691 4515 ut
716 4472 735 4513 a
762 4457 904 4527 colloquia
926 4454 1111 4512 submoturus
1132 4453 1264 4525 fecerim:
1301 4463 1413 4513 tantum
1436 4458 1522 4531 apud
1543 4474 1589 4515 me
1616 4458 1733 4516 ualebat
1754 4461 1833 4516 ami-

539 4562 611 4619 citia
640 4574 728 4632 quam
756 4562 826 4613 ante
850 4554 1017 4629 complures
1043 4570 1137 4612 annos
1160 4556 1256 4614 Musio
1283 4559 1360 4615 inter
1381 4575 1433 4616 nos
1450 4561 1663 4629 conciliarant,
1687 4576 1725 4618 ac
1747 4563 1834 4618 sanet

539 4663 642 4719 initam
661 4664 763 4717 mutua
786 4657 925 4729 qiioeann
947 4659 1088 4714 aluerant
1108 4656 1220 4728 officia.
1269 4657 1424 4716 Testanlur
1445 4661 1500 4719 liae
1521 4677 1593 4719 metu
1613 4661 1834 4720 lucubrationes

538 4777 627 4834 quam
656 4775 712 4817 non
736 4760 899 4830 iutqariter
920 4758 1091 4815 adamarim
1114 4760 1264 4830 inqenium
1285 4768 1314 4818 et
1336 4776 1440 4818 uenam
1463 4761 1600 4821 liutteni:
1633 4779 1704 4820 nam
1726 4766 1832 4823 immo-

537 4885 738 4915 --÷·-
1781 4922 1782 4925 Ἴ

607 4959 626 4991 ¹³
646 4962 731 5008 missa
787 4957 880 5021 placet
898 4960 969 5005 ornis.
983 4959 1063 5005 Stolz.
1145 4957 1165 4989 ¹⁸
1183 4957 1278 5024 sorib.]
1299 4961 1335 5008 cs.
1350 4961 1566 5030 Exposufistlssb.
1645 4961 1668 4993 ³²
1687 4961 1830 5029 cognatus]

537 5044 680 5092 Erasmieo
699 5042 751 5091 hoc
769 5041 947 5104 interpretari
965 5040 1104 5089 debemus.
