4367 6084
399 732 648 783 CCCVII.nunsnr
658 749 694 782 nn
705 746 864 787 tartunam.
877 730 1023 781 cccvul.
1031 746 1226 781 novarensium
1236 713 1393 782 evincimur.
1402 737 1610 780 mauruntum.
1628 714 1698 785 177

398 906 657 979 interprophetas.
701 905 760 960 Nou
782 904 877 960 dubito
901 904 966 978 quin
989 905 1040 958 iam
1063 904 1163 959 dudum
1186 904 1259 959 dieas
1283 902 1426 970 ‘Quorsum
1454 905 1505 959 ista
1530 911 1583 959 tam
1606 903 1769 972 multaque,

400 999 459 1044 tam
482 991 603 1063 putidat'
626 989 755 1044 Nimirum
780 990 832 1044 hue
855 1006 889 1043 ne
912 989 1026 1061 posthae
1049 987 1149 1044 talibus
1172 987 1335 1043 rumusculis
1357 988 1398 1042 ivel
1423 987 1558 1043 tantillum
1581 1005 1701 1044 commo·

400 1074 510 1134 rearis,
545 1075 651 1129 etiamsi
686 1072 778 1128 nullus
808 1081 932 1129 accurrat
954 1072 1072 1127 Hilarius
1103 1073 1149 1145 qui
1179 1075 1206 1127 te
1235 1072 1367 1143 exhilaret
1395 1073 1568 1145 animumque
1597 1073 1700 1128 reddat.

401 1159 518 1230 Utrique
547 1158 632 1213 viduae
659 1158 821 1230 eaeterisque
850 1157 942 1212 amieis
971 1156 1082 1212 multam
1111 1174 1142 1211 er
1171 1174 1214 1213 me
1243 1155 1357 1211 salutern
1387 1157 1571 1213 annunciabis.
1616 1157 1700 1212 Simid

356 1251 379 1287 5
403 1251 487 1315 atque
516 1259 547 1298 se
575 1242 712 1297 remiserit
739 1243 847 1315 hyems,
877 1240 1078 1315 provoiahimus
1101 1258 1115 1295 e
1139 1241 1211 1295 nido.
1250 1241 1404 1314 ‘quonamt’
1433 1242 1546 1314 inquies.
1592 1242 1630 1295 hd
1653 1259 1701 1295 ros

403 1327 426 1380 si
451 1326 525 1399 pacis
548 1326 682 1381 affulserit
704 1327 852 1387 serenitas:
882 1325 923 1380 sin
947 1326 1049 1385 miuus.
1080 1324 1144 1380 iiiuc
1173 1324 1327 1397 ubicunque
1351 1324 1433 1379 suerit
1456 1326 1578 1398 paratior
1601 1325 1701 1380 saluta·

405 1411 443 1464 ris
465 1411 519 1464 riui
542 1411 635 1484 eopia:
659 1427 720 1465 nam
743 1411 833 1465 homae
856 1411 942 1483 pestis
965 1410 1060 1465 odiose
1082 1408 1165 1469 ludit,
1188 1426 1239 1464 uec
1260 1409 1350 1464 miuus
1373 1409 1448 1464 serit
1463 1409 1586 1464 Lutetia.
1631 1409 1701 1463 Beue

406 1494 477 1555 vale,
501 1495 542 1560 ‚rir
565 1496 677 1568 optime.
721 1493 847 1556 Basileae.
870 1494 978 1562 Caieud.
1001 1493 1064 1549 Fch.
1088 1496 1166 1548 duno
1188 1494 1289 1548 dormni
1314 1493 1476 1548 ttunxttt.

1009 1594 1104 1634 ruris.

352 2080 400 2120 Νι
425 2094 562 2129 urrannei
576 2095 731 2129 nnrseorcr.
897 2091 903 2103 ¹
949 2060 1155 2139 CCCVHI
1197 2056 1200 2061 Ι
1480 2088 1681 2131 torrentum.

1464 2151 1699 2160 *—

827 2236 917 2294 orno
939 2235 1109 2292 cuminis
1130 2202 1281 2290 zt'tdutto

840 2352 941 2394 Attico
966 2353 1112 2394 CANDIDO
1136 2353 1177 2392 ET
1200 2352 1265 2394 Plo.

493 2470 673 2528 Vehementer
696 2471 782 2544 proho
805 2473 986 2528 reinstautiam
1011 2481 1083 2528 tuam
1106 2479 1189 2545 etque
1212 2472 1329 2527 animuin
1353 2471 1427 2527 ilium
1451 2473 1477 2526 in
1503 2482 1528 2526 te
1551 2490 1613 2527 rere
1637 2473 1701 2528 iuri·

366 2563 481 2609 tsetuur
505 2566 533 2610 et
555 2556 737 2611 Christianum
762 2599 1004 2610 ...........
1027 2557 1156 2611 hirnidius
1179 2573 1265 2611 anneis
1288 2566 1330 2612 est
1352 2557 1459 2629 quaudo
1482 2575 1542 2611 euru
1565 2575 1700 2612 rorurueu·

406 2639 508 2694 datitiis
537 2640 624 2695 diteris
654 2641 733 2696 iussit
762 2648 792 2695 ut
820 2642 853 2697 ad
882 2650 908 2697 te
942 2642 1009 2697 irem
1038 2641 1174 2701 Nesenus,
1208 2641 1358 2696 communis
1393 2649 1487 2695 noster
1520 2642 1635 2705 amicus;
1668 2641 1701 2695 nh

407 2724 498 2779 etnicis
529 2732 620 2781 autem
643 2733 767 2791 retentus
790 2743 850 2781 suru
880 2727 906 2780 iu
937 2727 1038 2799 oppido
1068 2725 1229 2798 Nueburgo.
1260 2742 1413 2799 quanquam
1442 2726 1555 2781 ueedum
1584 2727 1701 2799 despon-

407 2809 490 2863 derim
524 2808 599 2864 dium
632 2810 750 2864 animum
783 2819 813 2864 ut
846 2827 913 2865 earu
964 2811 986 2865 si
1021 2812 1092 2866 euim
1126 2812 1340 2883 perseveraverit
1368 2810 1523 2884 persecutio
1552 2809 1610 2870 illa.
1641 2829 1701 2884 qum

407 2892 476 2966 apud
506 2911 556 2948 nos
584 2894 635 2949 ianr
663 2901 774 2966 regnat.
803 2902 885 2967 atque
915 2893 990 2950 iocus
1014 2895 1078 2949 inihi
1102 2895 1184 2950 [uerit
1207 2894 1319 2950 relictus
1341 2895 1467 2967 suss'ugii,
1497 2912 1551 2950 non
1575 2912 1702 2968 spernam

367 2976 473 3031 eoidud
497 2977 640 3040 eonsdiuin
656 2979 769 3038 Christi.
794 2987 823 3033 ut
847 2979 948 3051 fugiam
971 2979 1004 3033 de
1027 2997 1079 3034 uua
1102 2978 1209 3034 civitnte
1233 2980 1259 3034 iu
1283 2979 1370 3033 aliam.
1415 2997 1496 3052 spero
1519 2990 1608 3034 auteur
1631 2981 1701 3052 aptni

408 3078 453 3114 vos
483 3061 597 3117 iiherurn
626 3062 690 3117 mihi
720 3080 780 3117 esse
807 3072 835 3118 et
864 3062 982 3119 seribere
1011 3072 1038 3118 et
1066 3064 1155 3119 dicere
1184 3081 1243 3135 quae
1271 3063 1423 3134 evangelica
1447 3071 1474 3118 et
1496 3064 1625 3118 seditiosa
1647 3080 1701 3118 nou

408 3152 478 3199 srint.
524 3134 707 3202 conditionem
737 3164 822 3202 meam
851 3147 899 3201 tihi
929 3147 1039 3221 scripsit
1067 3148 1185 3203 fortasse
1207 3147 1340 3207 hesimus,
1370 3155 1417 3201 aut
1446 3147 1467 3201 si
1499 3164 1553 3201 non
1582 3148 1700 3221 scripsit.

407 3228 514 3285 aliunde
537 3229 681 3303 aliquando
704 3232 773 3287 scies
796 3249 875 3303 quarn
898 3250 930 3286 er
952 3250 1009 3287 inc:
1032 3232 1114 3287 eredo
1137 3231 1159 3285 si
1183 3248 1224 3285 ine
1241 3231 1362 3291 noveris,
1386 3237 1484 3302 sponte
1501 3230 1643 3302 aliquando
1660 3249 1701 3285 ine

410 3332 538 3377 necesses.
584 3315 716 3370 Novarum
740 3333 830 3371 rerum
854 3334 925 3371 nunc
947 3315 1015 3371 nihii
1039 3316 1141 3376 haheo,
1172 3314 1224 3369 uisi
1253 3315 1324 3386 quod
1352 3314 1470 3386 pessimo
1494 3314 1583 3368 omine
1605 3322 1701 3387 captus

372 3407 451 3453 mest
473 3399 566 3454 senior
596 3399 665 3454 dhus
689 3399 818 3472 Siehingii
848 3420 861 3453 u
883 3400 1007 3455 Palatino
1037 3407 1152 3472 tyranno
1175 3406 1203 3453 et
1226 3398 1332 3471 quidam
1356 3397 1436 3451 etiarn
1459 3396 1504 3451 aiii
1527 3398 1620 3470 primm
1643 3416 1702 3453 sor·

409 3484 455 3542 tis.
492 3484 520 3537 in
551 3483 649 3557 quihus
679 3501 784 3539 ornnem
815 3503 891 3557 spem
919 3503 995 3540 suam
1025 3483 1205 3539 collocaverat
1235 3482 1402 3537 h'ruueiscus.
1447 3480 1528 3536 Multa
1559 3480 1637 3536 nohis
1668 3483 1701 3537 de

409 3567 457 3622 hoe
480 3568 538 3623 viro
562 3586 624 3641 spes
647 3569 714 3629 fuit,
739 3569 784 3624 sed
802 3578 884 3623 ruunt
900 3577 927 3623 et
943 3567 1034 3623 iebant
1050 3568 1124 3622 dhus
1140 3568 1242 3628 omnia,
1272 3575 1299 3621 et
1316 3566 1412 3620 nedum
1430 3565 1502 3620 iilius
1518 3565 1565 3620 sed
1581 3567 1700 3622 omuiutu

408 3652 452 3723 qui
477 3651 529 3706 ianr
558 3651 726 3724 evangelium
755 3652 964 3726 urirpiectnntur.
1010 3654 1145 3708 ttuuenus
1176 3661 1269 3706 noster
1298 3650 1366 3705 ruale
1395 3650 1491 3712 trahet,
1521 3659 1548 3704 et
1576 3667 1627 3704 uos
1655 3650 1699 3705 aiii

409 3737 507 3806 pressim
531 3737 721 3809 prodigamur;
745 3737 903 3792 exihiiamur
925 3756 975 3811 per
997 3745 1203 3813 ornnesjterrns
1227 3746 1253 3790 et
1275 3743 1350 3790 certe
1373 3735 1465 3790 nescio
1488 3735 1553 3807 quid
1575 3735 1611 3789 sit
1634 3735 1698 3789 ruihi

380 3820 597 3892 usnspieandmn
622 3820 691 3875 mah.
728 3822 845 3894 Spiritus
868 3821 967 3877 Christi
995 3841 1055 3879 curu
1085 3822 1183 3895 spiritu
1212 3831 1269 3875 tuo.
1314 3822 1407 3875 dmeu.
1450 3820 1520 3874 Beue
1543 3818 1608 3876 vale.
1655 3822 1701 3874 Sn-

409 3902 462 3957 hita
479 3904 595 3959 Leonem
619 3914 647 3960 et
669 3922 776 3960 ornnem
792 3906 972 3962 thisumun
997 3907 1117 3962 hotreru.
1163 3907 1267 3979 haptirn
1290 3905 1371 3960 domo
1387 3904 1600 3960 Francisoorum.
1638 3904 1700 3959 h'ui·

409 3987 485 4060 hurgi
509 3989 718 4045 Brischoiorum.
757 3989 792 4043 id.
810 3989 887 4044 Fehr.
907 3998 980 4051 1523.

512 4170 736 4248 *jectum
757 4171 878 4235 Zuinglii
892 4172 961 4236 Opp.
977 4172 1046 4234 (Iud.
1060 4172 1127 4221 bihl.
1142 4188 1168 4219 u.
1181 4170 1236 4223 81.t
1256 4187 1281 4235 p.
1295 4172 1353 4219 27⁶2.
1368 4186 1408 4234 sq.
1422 4171 1459 4219 u⁰.
1473 4186 1512 4219 xt.

472 4355 478 4386 ¹
501 4355 543 4404 Cf.
558 4357 579 4404 Ι.
593 4356 699 4420 Regum
713 4357 746 4405 X.
763 4355 849 4420 ll.sq.
903 4356 913 4387 ³
933 4357 975 4405 Cf.
991 4358 1099 4406 initium
1114 4357 1249 4421 epistulm.

472 4440 493 4470 ¹⁰
511 4437 657 4503 Nuihurgi]
676 4441 821 4505 Hodieque
842 4442 1004 4504 ,h'eueirheirp,
1025 4441 1095 4505 quod
1115 4447 1160 4489 cst
1178 4441 1306 4505 oppidum
1326 4440 1359 4487 od
1380 4440 1502 4488 Rhenum
1528 4440 1600 4488 inter
1619 4439 1697 4488 Basi-

405 4521 474 4572 lenm
493 4524 694 4587 ltrisneumquc
713 4525 803 4573 situm.
875 4523 895 4555 ¹⁰
914 4522 1028 4588 Christi]
1049 4527 1155 4587 Evuug.
1170 4540 1226 4572 see.
1242 4523 1339 4572 natm.
1355 4523 1436 4572 Χ.·.)3.
1512 4522 1535 4554 ²⁰
1552 4524 1609 4572 sed.
1630 4522 1695 4588 uon]

404 4605 451 4656 nott
470 4623 525 4656 non
543 4606 687 4658 seditiosa.
752 4607 775 4639 ³⁰
793 4606 890 4672 Leon]
911 4608 963 4657 Iud
979 4609 1039 4657 sire
1057 4609 1167 4667 ludum,
1187 4609 1379 4666 Turieeusem,
1401 4614 1457 4656 nat.
1472 4624 1497 4656 a.
1515 4607 1597 4668 1482,
1618 4609 1697 4656 Busi-

404 4690 453 4740 lem
473 4709 498 4740 a.
517 4691 589 4740 1542.
610 4697 755 4749 mortuum,
775 4693 848 4742 inter
860 4693 955 4742 doctos
974 4693 1033 4741 aitis
1051 4693 1184 4755 temporis
1202 4707 1256 4739 nou
1275 4691 1382 4739 obscuri
1397 4693 1515 4741 nominis
1531 4693 1695 4756 praedicato·

404 4792 456 4826 reru
477 4775 679 4840 evangelicum.

468 5114 602 5168 Hrrrrtu
616 5112 684 5165 Ore.
698 5128 760 5164 ron.
776 5113 811 5164 11.
