4367 6084
504 677 704 771 ἴΟΟΟΙΑΧῊΙΙ.
719 733 822 770 sessui
836 733 899 770 nor.
913 733 949 768 sn
963 733 1211 770 unnsncnruoneu
1224 734 1267 768 er.
1282 728 1337 769 mc.
1347 733 1423 769 snae.
1439 726 1498 768 laet.
1569 704 1643 775 415

353 911 439 949 ueros
462 892 579 954 liberos,
602 909 651 948 uec
673 891 746 947 aliud
769 893 827 965 agit
848 892 929 947 etiam
951 909 1024 948 nunc
1046 909 1126 965 quam
1149 893 1247 966 nequid
1270 892 1426 949 detrimenti
1448 893 1537 967 capiat
1558 911 1602 949 res
1618 902 1646 949 et

354 978 425 1034 lama
448 976 607 1039 nebulonis;
638 975 862 1050 oecolampadius
887 977 994 1032 caeteris
1021 976 1103 1049 paulo
1132 977 1282 1033 modestior
1303 985 1346 1032 est
1368 986 1395 1032 el
1423 986 1511 1032 tamen
1534 987 1577 1033 est
1598 978 1644 1033 ubi

354 1063 382 1117 in
407 1061 454 1117 illo
477 1079 587 1135 quoque
609 1061 760 1116 desiderem
788 1060 969 1133 evangelicam
998 1060 1207 1134 synceritatem;
1240 1061 1378 1133 Zvinglius
1407 1079 1487 1136 quam
1514 1063 1644 1118 seditiose

354 1164 411 1202 rem
434 1147 520 1219 gerit:
554 1146 653 1219 nequid
683 1145 790 1200 interim
813 1161 1021 1201 commemorem
1044 1145 1077 1200 de
1100 1144 1175 1201 aliis:
1208 1163 1263 1202 uon
1286 1146 1474 1201 assentiuntur
1496 1146 1572 1202 vobis
1595 1164 1644 1203 uec

313 1243 329 1279 5
354 1232 427 1287 inter
449 1248 478 1286 se
500 1231 689 1293 consentiunt,
719 1238 747 1306 et
769 1228 910 1303 postulant
933 1238 963 1284 ut
985 1230 1107 1304 ipsorum
1130 1231 1277 1286 autoritate
1305 1231 1368 1285 lreti
1397 1230 1430 1285 ah
1453 1231 1578 1286 erunibus
1601 1248 1645 1286 or·

355 1316 482 1371 thodoris
505 1314 628 1388 patribus
651 1322 678 1369 et
700 1313 823 1370 conciliis
850 1313 1013 1369 deliciamus.
1036 1356 1161 1375 ......
1176 1328 1187 1368 a
1214 1314 1302 1382 Quum
1332 1314 1504 1380 discessisset
1533 1316 1594 1371 hinc
1617 1323 1644 1370 et

354 1400 440 1455 adhue
463 1399 556 1472 lingua
585 1399 692 1454 saeviret
720 1398 747 1452 in
778 1416 835 1460 nie,
869 1399 966 1471 scripsi
994 1397 1120 1453 blandam
1148 1406 1175 1452 et
1203 1400 1313 1453 amicam
1341 1398 1493 1472 epistolam.
1538 1400 1643 1455 taudem

354 1484 419 1539 exiit
441 1483 562 1557 Epistola
586 1482 695 1538 nomine
718 1481 819 1538 Erasmi
843 1481 948 1544 Alliari,
972 1500 1052 1556 quam
1074 1483 1239 1555 promiserat
1262 1482 1307 1537 ille
1330 1473 1493 1556 ψωρώόης,
1522 1492 1553 1539 ut
1576 1484 1644 1539 scias

354 1573 411 1623 'rem
434 1585 467 1623 ex
488 1569 641 1640 composito
664 1567 737 1640 geri:
760 1566 938 1622 dissimulavit
961 1566 1054 1621 stilum
1076 1567 1197 1622 imitatus
1220 1567 1342 1640 quaedam
1366 1577 1426 1632 tue;
1455 1569 1502 1623 sed
1525 1578 1555 1624 ut
1577 1568 1644 1623 nihil

321 1652 428 1707 toaliud
451 1653 502 1714 sit,
527 1651 609 1706 toties
631 1652 809 1724 contemptim
832 1651 966 1724 repetitus
990 1651 1133 1707 ‘Erasinos‘
1155 1652 1222 1706 satis
1244 1652 1335 1723 arguit
1356 1660 1488 1713 autorem,
1526 1661 1553 1707 et
1573 1653 1645 1707 vide·

355 1746 400 1792 tur
422 1755 455 1793 ex
477 1744 524 1791 tuo
546 1735 686 1809 colloquio
710 1736 796 1791 lactus
826 1735 957 1797 ferocior,
991 1735 1093 1791 iactans
1122 1752 1152 1790 se
1180 1735 1341 1808 discipulum
1371 1735 1429 1792 eius
1458 1753 1538 1809 qoem
1565 1737 1645 1792 {locet

355 1822 499 1877 Lutherus.
543 1819 615 1874 Nihil
638 1820 689 1874 iam
711 1820 796 1875 dicam
819 1820 852 1874 de
874 1820 994 1892 puritate
1016 1819 1077 1874 ritae
1101 1818 1186 1881 illius,
1209 1820 1242 1874 de
1257 1821 1382 1875 castitate
1397 1819 1511 1892 lingum,
1533 1821 1566 1876 de
1582 1839 1645 1894 pro·

357 1906 479 1965 lusione,
502 1905 536 1959 de
559 1904 691 1959 fraudatis
713 1903 908 1960 creditoribus:
932 1905 1070 1976 quomodo
1093 1903 1138 1958 isli
1160 1905 1349 1960 commendant
1371 1921 1470 1960 norum
1493 1906 1544 1961 hoe
1567 1922 1645 1959 evan·

355 1989 475 2063 gelium‘?
498 1990 587 2062 Atque
609 1988 653 2044 hio
676 1996 718 2044 est
740 1988 786 2044 ille
808 1988 909 2044 amicus
932 2004 1070 2062 nunquam
1092 2006 1108 2044 a
1129 2005 1172 2044 me
1195 1988 1288 2051 laesus,
1313 2006 1421 2063 semper
1442 1990 1553 2045 candide
1576 2006 1646 2063 prae·

322 2075 462 2130 radicatus
485 2081 512 2129 et
539 2073 570 2128 ad
600 2073 721 2128 intimam
749 2071 959 2127 familiaritatem
987 2074 1129 2128 admissus.
1174 2074 1209 2127 lle
1237 2073 1366 2147 Capitone
1395 2082 1459 2128 sunt
1487 2073 1564 2129 malti
1599 2075 1645 2147 qui

355 2160 474 2232 pessime
490 2157 618 2220 sentiant,
640 2166 668 2213 et
691 2174 743 2229 ego
766 2174 821 2211 non
844 2157 947 2230 optime
969 2158 1108 2230 suspicor;
1134 2167 1208 2212 certe
1231 2175 1263 2213 en
1286 2156 1358 2212 illius
1381 2157 1484 2212 milibus
1507 2158 1646 2214 scabiosus

357 2243 403 2298 ille
425 2243 528 2316 prodiit
551 2241 582 2297 ad
606 2242 791 2298 excudendum
815 2241 952 2296 rabiosum
968 2240 1104 2296 libellum:
1128 2241 1293 2298 Thrasonem
1309 2241 1520 2315 Planodorphuu
1539 2259 1647 2315 semper

355 2326 451 2382 habuit
473 2328 500 2381 iu
523 2325 641 2386 deliciis.
674 2326 772 2380 deiude
800 2325 838 2380 sic
863 2326 999 2381 exerrsavit
1026 2343 1086 2380 seso
1114 2334 1170 2381 tum
1198 2327 1274 2380 auxie
1302 2334 1359 2380 tum
1382 2327 1452 2399 apud
1475 2344 1582 2389 ornares,
1615 2335 1646 2382 ut

357 2411 404 2466 illa
427 2411 485 2484 ipsa
507 2411 645 2466 excusatio
669 2410 733 2465 mihi
756 2417 869 2483 augeret
885 2410 1073 2484 suspitionem.
1113 2411 1158 2465 arni
1175 2410 1287 2465 fidebam
1303 2410 1430 2472 lledioni,
1459 2411 1493 2466 de
1508 2429 1562 2484 quo
1579 2428 1644 2466 non·

322 2496 423 2551 ardum
446 2494 562 2569 pessime
585 2494 690 2555 seutio;
713 2495 838 2554 miseram
862 2494 898 2549 ad
918 2494 993 2549 illum
1015 2494 1166 2568 eienipluur
1183 2493 1306 2567 epistolae
1323 2502 1376 2549 ture
1392 2512 1471 2567 quam
1488 2496 1646 2569 scripseras,

357 2581 384 2636 ni
409 2579 504 2641 lallor,
534 2578 740 2652 llymelbergio,
771 2579 798 2634 in
821 2596 874 2652 qua
897 2579 1040 2634 mirabaris
1063 2578 1181 2634 nondum
1205 2579 1323 2651 pendere
1346 2596 1426 2651 quem
1450 2596 1564 2635 noveras
1584 2589 1646 2635 aute

355 2664 498 2721 duodecim
520 2681 606 2720 anuos
629 2671 697 2718 ete:
720 2680 775 2718 non
798 2672 857 2718 erat
878 2663 997 2719 additum
1020 2680 1127 2726 nomen,
1150 2664 1196 2719 sed
1221 2665 1266 2735 qui
1289 2664 1420 2719 amiserant
1442 2663 1648 2719 subiadieabant

356 2749 449 2804 neseio
472 2747 536 2821 quid
559 2748 592 2802 dc
616 2748 769 2810 Thrasone:
793 2747 817 2802 id
841 2748 902 2802 misi
927 2748 1039 2803 lledioni
1062 2765 1116 2803 uon
1141 2747 1176 2803 oh
1198 2748 1270 2806 aliud
1293 2748 1345 2802 uisi
1367 2756 1397 2802 ut
1412 2757 1532 2812 caverem
1555 2756 1651 2804 osten·'

356 2834 397 2889 dit
412 2832 551 2905 sapitoni⁹
574 2832 669 2905 Capito
692 2831 815 2903 glorioso
838 2832 933 2887 militi:
956 2833 1018 2887 hine
1042 2833 1109 2887 lurit
1130 2831 1176 2887 ille
1198 2832 1304 2903 gladios
1327 2841 1355 2887 cl
1376 2832 1488 2905 laqueos
1503 2834 1646 2896 minitans:

325 2916 499 2988 aszvinghus
522 2917 606 2971 amice
629 2917 748 2971 monitus
776 2934 791 2971 a
819 2934 862 2971 me
890 2916 1030 2989 rescripsit
1058 2917 1202 2972 admodum
1231 2917 1388 2971 fastidioso:
1424 2916 1496 2984 ‘Qum
1529 2925 1557 2972 tu
1586 2918 1647 2973 scis'

358 3002 449 3075 inquit
472 3001 713 3057 ‘uon'eonducuut
735 3000 828 3062 uobis,
852 3018 912 3074 quae
935 3017 984 3055 uos
1008 3001 1121 3062 seimus,
1149 3018 1204 3056 non
1226 3003 1391 3056 conveniunt
1414 3001 1478 3061 tihi',
1503 3003 1579 3075 quasi
1602 3001 1647 3056 ille

358 3180 462 3226 nostres
484 3171 613 3242 lugerent
635 3211 832 3224 .........
855 3168 941 3230 ldem‚
973 3178 1004 3223 ut
1026 3170 1120 3230 audio,
1148 3170 1222 3224 aurit
1244 3169 1308 3224 stol‘
1396 3168 1488 3225 hlheri
1511 3170 1646 3231 iudicium,

359 3255 432 3328 quod
456 3254 574 3310 noudum
598 3253 650 3309 vidi
674 3295 917 3307 ...........
942 3253 1104 3308 Si'Lutbero
1119 3271 1206 3308 essem
1229 3253 1326 3308 addicti
1358 3254 1550 3326 rmummagis
1566 3254 1648 3309 etiam

321 3341 428 3395 mistos
451 3339 574 3394 odissem·
591 3355 671 3412 quam
694 3355 765 3393 uune
789 3338 847 3399 odi,
878 3337 913 3392 ob
935 3337 1103 3409 evangelium
1127 3337 1199 3410 quod
1222 3338 1278 3391 suis
1301 3337 1422 3392 moribus
1444 3338 1560 3393 reddunt
1582 3338 1648 3392 invi·

358 3424 480 3484 diosum,
504 3423 539 3477 ob
563 3423 647 3477 bonas
669 3421 763 3478 literas
786 3439 854 3495 quas
876 3422 1054 3494 extinguunt:
1077 3430 1208 3494 quantum
1224 3421 1430 3477 manifestorum
1445 3421 1646 3478 mendaciorum

357 3516 401 3563 est
424 3509 451 3563 in
473 3506 567 3562 libello
589 3503 644 3561 τοῦ
659 3494 832 3580 ψωρῶδους,
856 3523 916 3579 quae
938 3507 979 3560 vir
1001 3506 1172 3578 evangelicus
1195 3506 1291 3561 scribit
1305 3514 1399 3561 contra
1416 3523 1491 3561 suam
1507 3506 1648 3561 eonscien-

358 3593 438 3654 tiam,
462 3609 517 3648 uon
542 3591 576 3647 ob
599 3591 670 3647 aliud
695 3592 746 3646 nisi
769 3600 799 3646 ut
822 3599 891 3646 urat.
915 3600 944 3645 et
966 3590 1016 3646 hoe
1039 3598 1150 3646 senatus
1172 3590 1328 3645 'consultum
1358 3590 1430 3645 inter
1459 3592 1526 3645 istos
1550 3599 1647 3663 ,patres

359 3677 458 3732 laetum
482 3684 539 3737 est,
564 3685 593 3730 ut
615 3675 753 3731 Erasruum
778 3674 878 3730 libellis
901 3675 1032 3737 obruaot;
1055 3675 1155 3749 quihus
1177 3676 1200 3730 si
1217 3676 1409 3749 respondeam,
1432 3674 1593 3748 praeclarum
1610 3675 1647 3730 la-

322 3763 450 3822 sacinus,
474 3770 504 3816 ut
527 3760 736 3828 sceleratissima
758 3760 960 3815 conflictatione
982 3758 1085 3815 alamus
1108 3748 1213 3832 aliquot
1229 3760 1354 3815 sordidos
1370 3778 1400 3815 ac
1416 3759 1553 3814 famelicos
1570 3767 1648 3833 typo·

357 3846 492 3919 graphos,
522 3862 577 3900 uon
606 3862 660 3899 uuo
686 3846 785 3916 dignos
814 3845 970 3918 suspendio.
1015 3853 1145 3918 quantum
1174 3845 1357 3918 impietatum,
1389 3853 1518 3918 quantum
1542 3844 1648 3900 menda-

357 3931 463 3986 ciorum
486 3937 528 3984 est
551 3930 578 3983 in
602 3927 649 3984 illo
672 3927 765 3984 libello
781 3929 886 3991 attari,
910 3929 932 3984 si
956 3928 1013 3985 leve
1036 3930 1142 3986 videtur
1165 3930 1237 4002 quod
1254 3929 1417 4003 Hieronymo
1436 3930 1474 3985 sie
1489 3936 1647 4002 contempto

358 4014 432 4069 addit
455 4016 536 4069 etiam
560 4013 679 4087 perfidiae
700 4014 822 4069 crimen?
957 4013 1009 4069 Sed
1038 4016 1154 4071 lacessat
1182 4015 1238 4070 here
1268 4014 1379 4087 querela
1404 4056 1647 4069 ...........

297 4097 304 4106 ’
358 4099 420 4154 llaec
442 4108 490 4154 luo
514 4099 601 4153 lretus
624 4098 734 4170 ingenio
758 4098 839 4153 elladi
862 4098 889 4153 in
913 4100 1001 4155 sinum
1032 4109 1122 4162 tuurrr,
1151 4099 1186 4154 mi
1209 4099 1347 4175 Philippe;
1377 4100 1416 4154 tui
1443 4100 1568 4156 candoris
1597 4100 1649 4154 erit

322 4195 455 4239 accurare
477 4201 511 4238 ne
534 4192 698 4256 spargantur
721 4183 752 4238 ad
775 4183 924 4256 improbos.
969 4183 1054 4250 Qirruu
1079 4185 1228 4240 loachhuus
1257 4184 1300 4240 hie
1327 4184 1448 4247 adesset,
1478 4186 1611 4240 siceram
1634 4202 1649 4239 a

358 4267 455 4323 morbo
478 4267 638 4340 languidus,
662 4275 692 4322 ut
714 4268 755 4321 vix
779 4268 878 4322 lerrem
901 4267 985 4323 ullum
1008 4268 1176 4342 colloquium
1200 4268 1235 4323 oh
1258 4270 1389 4333 stomachi
1412 4268 1592 4330 debilitatem,
1621 4258 1650 4323 ci

358 3104 420 3142 cum
444 3085 528 3140 Paulo
552 3093 646 3159 raptus
669 3085 696 3139 in
720 3085 830 3140 tertium
853 3084 951 3141 cmlum
974 3085 1113 3140 didicisset
1141 3103 1238 3141 arcana
1262 3086 1399 3308 qu*
1429 3103 1489 3158 quae
1518 3103 1569 3141 uos
1594 3094 1647 3140 ter·

425 4446 553 4499 'sineem
574 4451 631 4498 ds.
692 4447 702 4478 ⁵
721 4453 826 4497 euetor.
847 4452 905 4499 Μ.
964 4448 1082 4510 ⁸Quom
1101 4449 1205 4498 iniusta
1224 4449 1283 4499 hane
1303 4465 1409 4514 quoque
1428 4451 1536 4499 Erasmi
1549 4451 1582 4499 de
1602 4466 1648 4499 eo·

358 4538 433 4582 etore
447 4534 548 4582 Iudicii
560 4533 704 4582 Alberisni
722 4533 845 4597 asspicio
863 4533 962 4592 scierit,
981 4535 1051 4582 satis
1065 4538 1182 4582 constet.
1230 4533 1240 4565 ⁸
1258 4530 1342 4597 remp]
1361 4533 1505 4584 scabiosus
1551 4535 1573 4567 ¹⁰
1590 4537 1650 4584 Non

356 4618 460 4667 totiens
479 4619 606 4682 quotiens
623 4617 723 4667 blande
743 4617 877 4680 repetitos
895 4617 1043 4666 ‘Erasmus'
1062 4617 1097 4665 ab
1115 4619 1230 4666 Erasmo
1248 4617 1439 4667 Roterodomo.
1510 4617 1531 4650 ¹⁷
1548 4619 1648 4669 Plano-

356 4699 443 4766 dorp.]
462 4703 631 4767 Eppendorl.
667 4701 917 4772 Plenedorpiumd.
966 4700 986 4731 ¹⁹
1004 4702 1146 4765 suspica.
1193 4699 1213 4732 ¹¹
1233 4701 1649 4768 Hummelbergo‚Revenepur·

356 4787 436 4850 gensi
455 4787 572 4836 medico.
593 4787 635 4837 Cf.
650 4804 676 4852 p.
690 4785 747 4836 259.
811 4784 833 4816 ²³
852 4782 924 4850 misi]
944 4785 1010 4834 mihi
1026 4787 1050 4833 4.
1070 4785 1128 4847 (Sic
1147 4785 1236 4834 amice
1255 4784 1454 4836 Roterodamus
1472 4789 1575 4836 amicos
1594 4804 1649 4836 mo·

356 4871 455 4931 nebat,
476 4876 506 4919 ut
524 4871 560 4919 eb
580 4872 677 4920 amicis
695 4870 750 4919 sibi
764 4874 904 4919 carerent.
924 4869 989 4934 phul
1002 4868 1202 4919 clancularium
1214 4871 1379 4935 proditorem
1387 4872 1405 4934 l)
1451 4869 1474 4902 ²⁸
1492 4869 1570 4937 furit]
1590 4873 1649 4921 lue-

356 4955 393 5003 rit
411 4959 436 5003 5.
489 4953 915 5019 ”ldem1PhallicumGellus
981 4953 1068 5018 erexit]
1089 4956 1167 5004 arisit
1186 4958 1210 5004 1.
1263 4953 1283 4986 ³¹
1303 4956 1462 5021 exstingunt
1482 4958 1507 5005 d.
1545 4959 1648 5024 exting,

357 5039 415 5089 Μ.
468 5036 619 5103 ³21⁰qu
639 5039 760 5089 scabiosi
810 5037 956 5104 ⁴⁰Ioaeb.]
976 5038 1161 5089 Camerarius.
