4367 6084
413 738 628 789 CCCXXXHH.
649 755 838 790 nnvaurarsrr
853 755 906 788 ruo
920 755 1049 790 uvrrmvo
1063 754 1099 789 an
1112 753 1214 788 unasvr
1230 753 1371 787 sensurias
1385 750 1548 786 arsrousro.
1587 720 1659 791 349

361 913 421 985 gis,
452 913 538 968 virum
561 913 670 985 quidem
691 914 880 968 doctissimum
902 921 930 968 et
952 911 1220 986 eloquentissimum,
1251 911 1296 966 sed
1320 909 1455 967 lavernet
1477 917 1659 981 arrogantem,

362 997 425 1069 qui.
456 1005 486 1051 nt
514 1006 640 1071 apparet,
671 998 711 1054 vel
742 999 830 1060 truste
852 998 934 1053 etiam
957 998 1034 1071 panis
1057 1004 1138 1070 queat
1160 1014 1174 1051 a
1198 1005 1273 1052 recto
1296 1005 1323 1050 ιι
1346 1012 1361 1050 a
1383 995 1540 1068 proposito*
1550 994 1660 1057 deduci;

361 1091 390 1135 ct
406 1081 508 1137 unllam
524 1099 646 1137 caussam
669 1092 722 1137 tarn
745 1082 840 1138 malam
865 1099 937 1142 esse,
962 1099 1041 1155 quam
1066 1091 1095 1136 tu
1119 1099 1172 1136 uon
1195 1080 1285 1154 possis
1308 1079 1452 1152 pessimam
1474 1080 1577 1140 lacere,
1601 1079 1660 1134 nul·

363 1166 416 1221 lam
440 1174 495 1221 tam
516 1167 702 1240 desperatam,
725 1184 806 1239 quam
828 1183 881 1221 uon
905 1167 995 1239 possis
1019 1176 1047 1221 ιιι
1071 1166 1201 1239 optimam
1217 1165 1313 1220 lacere.
1359 1162 1390 1217 Et
1410 1171 1488 1218 eraut
1506 1170 1581 1217 certe
1603 1163 1659 1236 qui,

334 1251 427 1305 sduru
451 1251 507 1306 haec
530 1250 692 1311 scriberem,
721 1251 915 1311 admonebant,
945 1251 986 1305 vix
1014 1250 1131 1321 negocio
1158 1249 1291 1321 evangelii
1318 1249 1458 1321 expedire.
1488 1249 1510 1303 si
1539 1248 1660 1319 quaedam

364 1335 414 1389 tihi
438 1335 631 1425 respopderem
654 1336 789 1390 atrocius:
819 1353 879 1390 nam
903 1352 957 1390 uon
980 1353 1040 1391 esse
1062 1335 1281 1390 commovendam
1309 1350 1367 1387 earu
1389 1332 1570 1392 Camariuam.
1600 1349 1660 1403 quan

364 1419 479 1474 excitata
505 1427 608 1475 tautum
632 1419 738 1475 exhalat
765 1420 933 1492 ellunditquc
962 1437 1108 1480 venenum,
1138 1419 1190 1473 uisi
1219 1418 1297 1472 vcliru
1328 1416 1429 1472 multos
1457 1416 1490 1471 ab
1519 1415 1659 1489 evangelio
1690 1469 1703 1483 ,

365 1504 502 1564 excidere.
528 1521 597 1576 quos
621 1504 733 1559 solertia
758 1505 796 1560 tui
820 1504 922 1576 ingenii
945 1505 1035 1576 possis
1058 1504 1085 1558 iu
1108 1502 1186 1558 aliam
1210 1503 1278 1557 viam
1301 1501 1442 1556 abducere.
1487 1509 1515 1555 et
1538 1501 1574 1555 hii
1591 1517 1660 1574 quo·

365 1605 418 1661 que
442 1588 592 1643 rationibus
614 1588 739 1644 humanis
762 1588 930 1649 nitebantur.
954 1587 1140 1661 timebantque
1163 1587 1208 1642 uhi
1231 1604 1345 1660 prorsus
1368 1585 1459 1641 nullus
1481 1594 1540 1640 erat
1563 1586 1659 1640 timor:

327 1685 428 1726 ronam
451 1680 481 1727 ut
505 1672 617 1728 manime
641 1691 751 1745 posses,
781 1672 864 1746 (quod
894 1681 983 1727 tamen
1006 1690 1177 1746 nequaquam
1200 1679 1293 1745 potes,
1323 1670 1394 1725 sicut
1415 1687 1470 1725 non
1493 1670 1564 1743 rapit
1587 1669 1661 1743 quis·

365 1774 446 1829 quarn
469 1757 542 1829 quod
565 1756 649 1812 semel
671 1758 778 1813 Christo
800 1759 892 1813 datum
916 1765 958 1812 est
980 1775 994 1811 a
1017 1756 1106 1830 patre)
1129 1774 1213 1830 quare
1236 1754 1319 1811 velles
1341 1754 1433 1811 conari
1456 1771 1512 1829 rem
1537 1763 1590 1809 tam
1613 1753 1661 1808 lri·

365 1840 452 1896 volam
476 1850 504 1896 et
527 1841 651 1896 inanem?
673 1842 731 1897 Nou
754 1841 918 1896 delvchamus
941 1841 1115 1914 expostulare
1139 1848 1240 1900 tecum.
1263 1858 1324 1896 euru
1346 1848 1376 1895 tu
1391 1838 1510 1894 desumis
1525 1839 1593 1894 hauc
1609 1839 1661 1893 vir·

365 1924 456 1998 gulam
479 1925 543 1985 tibi,
568 1934 596 1981 ut
619 1942 674 1980 uon
697 1926 785 1982 soluur
810 1927 835 1980 ιιι
860 1927 1009 1982 immeritos
1031 1943 1157 1986 censeas,
1180 1925 1227 1979 sed
1243 1925 1270 1979 iu
1286 1924 1418 1997 optimum
1434 1940 1577 1996 quemque.
1615 1923 1662 1979 Sat

364 2010 411 2064 diu
434 2010 605 2083 suspeximus
629 2019 668 2071 te.
693 2019 719 2065 et
743 2009 917 2066 urerehautur
938 2010 990 2066 hoc
1013 2010 1099 2065 literar
1122 2018 1188 2070 tuae,
1213 2026 1326 2082 quarum
1349 2009 1453 2082 primus
1475 2009 1502 2063 in
1519 2008 1661 2063 Germania

331 2102 447 2148 vaautor
469 2111 513 2154 es,
537 2102 564 2148 ct
586 2095 687 2150 maiora
712 2094 886 2151 merebantur
908 2113 988 2168 quam
1012 2094 1159 2150 multorum
1183 2094 1264 2149 etiam
1287 2094 1333 2166 qui
1357 2092 1451 2166 primae
1474 2102 1546 2148 notre
1568 2092 1660 2147 existi·

364 2186 486 2240 mantum
510 2179 557 2233 sed
580 2180 626 2251 qui
649 2179 745 2234 salutis
768 2188 848 2235 autor
869 2197 943 2240 eras.
967 2180 1035 2235 idem
1059 2196 1129 2234 nuuc
1152 2177 1218 2233 velis
1240 2179 1386 2251 propinare
1401 2194 1533 2247 venenum
1548 2186 1575 2232 et
1590 2194 1662 2232 uror-

365 2263 401 2317 tis
424 2271 505 2318 autor
527 2281 601 2324 esse.
624 2263 676 2319 hoc
698 2264 837 2319 existimas
860 2263 939 2319 uobis
962 2281 1022 2318 esse
1045 2264 1186 2318 serendum
1208 2263 1242 2318 de
1257 2264 1302 2316 te?
1325 2262 1383 2317 Non
1407 2262 1528 2318 lerimus.
1567 2279 1660 2334 quern·

365 2347 508 2402 admodum
532 2348 602 2402 euim
625 2347 671 2420 qui
694 2349 866 2421 propinaturi
890 2356 954 2403 suut
976 2365 1123 2408 venenum,
1152 2346 1276 2403 dulcibus
1305 2356 1332 2402 et
1354 2346 1478 2401 ineundis
1501 2346 1661 2420 potionibus

366 2432 546 2505 permiscent,
569 2432 606 2487 ita
630 2440 660 2487 tu
683 2433 799 2505 primum
823 2432 930 2506 quidem
954 2432 1124 2506 praestigium
1148 2432 1281 2505 quoddam
1305 2430 1421 2486 lacichas
1437 2430 1515 2486 uobis
1531 2430 1661 2503 eloquen-

329 2530 356 2570 au
368 2516 403 2570 tia
428 2525 488 2574 tua,
512 2515 656 2578 barbaros,
680 2518 786 2573 leroces
809 2525 836 2573 et
860 2517 1007 2573 indomitos
1029 2516 1215 2578 demulcebas,
1247 2515 1313 2570 viam
1338 2515 1500 2571 ostendebas
1523 2533 1575 2588 qua
1598 2532 1662 2588 pos·

366 2617 457 2656 scmus
480 2616 536 2655 uon
560 2609 614 2656 taur
635 2601 708 2657 docti
732 2602 845 2657 evertere
869 2619 949 2674 quam
971 2602 1023 2675 pii;
1053 2602 1100 2657 sed
1128 2619 1189 2657 cum
1218 2601 1286 2656 hanc
1310 2599 1411 2656 multos
1433 2600 1538 2656 videres
1561 2608 1660 2661 terere,

367 2691 395 2739 et
418 2685 550 2758 quosdam
573 2703 633 2740 esse
657 2686 702 2758 qui
727 2687 753 2741 iu
776 2687 827 2742 hoc
850 2687 965 2757 negocio
988 2685 1103 2759 palmam
1126 2685 1319 2760 praeripiebant
1341 2684 1404 2745 tibi,
1428 2684 1482 2739 sive
1505 2685 1662 2756 arrogantia

366 2770 423 2824 sive
445 2769 602 2825 muneribus
625 2771 680 2825 sivc
702 2770 800 2826 invidia
822 2771 957 2831 devictus,
986 2780 1134 2844 corruptus
1156 2779 1183 2825 ιι
1206 2778 1357 2826 occoeeatus
1385 2770 1437 2829 sis.
1467 2768 1539 2842 quod
1567 2770 1662 2825 volunt

367 2854 490 2926 quidam.
519 2871 569 2927 pro
592 2855 675 2910 veteri
699 2854 779 2911 uaelle
803 2855 844 2909 vel
866 2872 926 2910 cum
949 2854 1029 2910 melle
1050 2872 1182 2910 verreuuvu
1206 2854 1335 2915 instillas.
1364 2862 1395 2909 ut
1417 2855 1542 2926 scorpius
1565 2853 1592 2907 in
1614 2871 1663 2908 uo-

329 2938 477 2994 asvissimo
499 2938 621 2994 aculeum
644 2938 749 3012 infigis;
772 2941 844 3012 quud
868 2940 918 2994 uisi
943 2940 1067 3002 fecisses,
1090 2958 1170 2995 uerrro
1192 2956 1247 2993 non
1270 2938 1296 2993 iu
1319 2940 1387 2994 hane
1408 2939 1479 2993 dieru
1502 2937 1550 2993 tibi
1573 2955 1664 2993 assur·

366 3030 460 3096 geret,
488 3040 569 3077 nemo
593 3039 646 3079 uon
675 3024 926 3097 congratularetur,
956 3026 1077 3084 etlcrret.
1107 3023 1259 3079 celebraret
1285 3024 1491 3096 suspiceretque
1519 3030 1554 3077 tc.
1599 3024 1662 3104 duur

367 3124 431 3163 vero
455 3107 570 3180 ipsemet
595 3116 686 3164 uotam
710 3108 875 3182 eloquentius
898 3109 969 3163 indis
993 3116 1058 3168 tuae,
1088 3109 1151 3163 dum
1181 3117 1254 3162 tuam
1277 3107 1362 3180 ipsius
1384 3105 1500 3178 gloriam
1523 3107 1663 3169 obscuras,

367 3193 429 3264 quis
453 3191 621 3252 observabit,
646 3195 706 3266 quis
729 3193 818 3249 colet?
841 3202 997 3267 peccantem
1022 3201 1048 3247 te
1070 3193 1098 3246 iu
1121 3192 1236 3246 animaru
1261 3200 1332 3246 tuam
1356 3191 1418 3262 quis
1441 3191 1611 3252 iustificabit,
1635 3200 1663 3247 et

367 3276 582 3332 exhonorantem
605 3278 721 3333 animam
743 3296 818 3333 suaur
841 3277 902 3350 quis
926 3276 1134 3332 huuorillcabit‘?

333 3377 359 3418 aa
433 3360 491 3433 Ego
514 3361 623 3433 quidem
646 3362 880 3418 vehementissime
902 3361 982 3416 doleo
1005 3361 1057 3416 huc
1079 3360 1218 3415 devenisse
1242 3378 1284 3414 res
1309 3369 1380 3418 tuas,
1411 3368 1441 3414 ut
1463 3359 1529 3414 mihi
1552 3359 1663 3415 minimo

367 3453 396 3501 et
418 3445 604 3502 indoctissimo
626 3446 854 3519 congrediendum
877 3455 920 3501 est
943 3454 1044 3506 tecum.
1068 3453 1096 3500 et
1119 3441 1213 3500 vellem
1230 3462 1283 3499 nou
1299 3445 1387 3498 datam
1403 3443 1571 3498 occasionem
1588 3444 1661 3503 mibi.

368 3546 449 3603 quarn
472 3528 546 3585 nulla
568 3531 650 3586 anirui
671 3531 799 3604 aequitate
822 3531 898 3605 potui
923 3547 1063 3590 recusare:
1086 3529 1182 3585 vellem
1205 3546 1259 3584 non
1283 3529 1335 3583 huc
1357 3528 1482 3583 amentiae
1505 3527 1663 3600 prolapsum

368 3631 428 3670 esse
450 3620 492 3675 te.
522 3622 553 3669 ut
582 3616 628 3687 qui
658 3614 775 3671 debebas
803 3633 875 3672 nunc
903 3633 934 3670 os
963 3632 1023 3670 esse
1045 3615 1144 3669 Christi
1168 3621 1195 3668 ct
1219 3631 1263 3667 vas
1286 3612 1427 3667 electionis
1450 3612 1522 3685 quod
1544 3612 1665 3668 deferret

368 3715 467 3754 nomen
496 3698 539 3753 dei
566 3714 657 3755 coram
689 3699 750 3755 liliis
778 3700 874 3763 lsrael,
902 3717 992 3755 eoram
1023 3698 1134 3772 regibus
1162 3707 1189 3753 et
1218 3697 1386 3771 principibus
1414 3705 1443 3752 et
1464 3697 1538 3752 omni
1559 3696 1663 3771 populo

333 3791 467 3845 aeternae.
495 3799 567 3839 nunc
595 3792 727 3857 patronus
749 3785 837 3841 lactus
859 3802 934 3841 esses
957 3801 1052 3839 eorum
1075 3784 1120 3857 qui
1144 3791 1250 3838 secreto
1272 3781 1388 3838 consilio
1412 3789 1596 3837 tractaverunt
1617 3800 1664 3855 pa·

369 3867 437 3924 riter
459 3875 487 3923 et
508 3878 694 3924 convenerunt
715 3869 844 3925 adversus
865 3869 1004 3926 vlorniuurn
1026 3878 1054 3924 et
1076 3869 1204 3923 adversus
1226 3867 1362 3938 Christum
1386 3867 1458 3921 eius:
1488 3866 1664 3923 inconfesse

369 3961 412 4008 est
434 3951 506 4007 enim
533 3969 565 4007 ex
596 3961 638 4008 tot
666 3952 793 4009 hostibus
822 3953 954 4027 evangelii
983 3954 1118 4009 nemiuem
1147 3970 1263 4026 unquam
1296 3952 1356 4025 plus
1379 3951 1501 4007 abluisse
1523 3950 1664 4025 evangelio

370 4054 451 4110 quam
474 4044 515 4097 te,
545 4037 591 4109 qui
614 4038 667 4093 etsi
689 4039 717 4094 in
739 4037 828 4112 palam
851 4040 958 4112 quidem
983 4056 1037 4094 nou
1061 4037 1252 4112 impugnabas.
1281 4047 1369 4092 tamen
1392 4054 1452 4092 cum
1476 4035 1552 4091 miris
1574 4044 1602 4091 ιι
1624 4037 1664 4092 in·

369 4120 558 4178 constantibus
582 4122 728 4178 involucris
750 4131 778 4179 ιι
801 4122 969 4179 emblematis
991 4123 1135 4179 contundis
1158 4123 1261 4184 orunia,
1291 4122 1354 4177 duur
1377 4123 1470 4179 studes
1493 4119 1573 4177 simul
1596 4139 1665 4194 pou·

334 4206 502 4267 rotihcaturn
524 4205 648 4263 stabilire
669 4216 698 4262 et
719 4207 902 4281 evangelium,
932 4208 1058 4263 nimirum
1082 4208 1202 4264 triticum
1226 4216 1253 4262 et
1276 4205 1382 4279 paleas.
1412 4214 1522 4261 etcum
1546 4207 1665 4261 tenebris

299 4303 318 4320 ·
371 4290 468 4347 lucem.
513 4288 581 4357 Quid
605 4290 678 4348 aliud
701 4293 759 4365 agis
783 4310 863 4366 quana
886 4292 959 4365 quod
983 4293 1010 4346 iu
1033 4292 1187 4347 universum
1210 4291 1345 4345 subvertis
1368 4290 1495 4363 quicquid
1524 4298 1602 4345 autea
1625 4291 1665 4345 in·

371 4374 525 4435 staurahas‚
549 4375 715 4437 vindicabas,
745 4376 906 4449 evulgahas‘t
935 4376 990 4442 (lua
1015 4385 1090 4448 peste
1114 4375 1176 4448 quid
1201 4383 1293 4447 potest
1315 4384 1406 4431 tamen
1425 4372 1565 4445 evaugelio
1587 4375 1665 4447 peius

370 4460 545 4532 contingere,
568 4477 629 4515 curu
652 4461 732 4516 hodie
756 4460 823 4516 nulli
847 4461 884 4515 rei
909 4460 997 4515 miuus
1019 4460 1161 4514 conveniat
1185 4475 1264 4530 quarn
1279 4458 1388 4512 Christo
1411 4466 1438 4511 et
1460 4474 1549 4530 papae,
1574 4458 1664 4512 ltoruae

370 4553 398 4601 ιι
420 4543 541 4600 ccclesias
563 4543 681 4600 Christi?
710 4546 772 4601 ilum
801 4545 876 4599 addis
905 4544 985 4599 etiarn
1010 4550 1037 4598 ct
1060 4544 1125 4602 hoc.
1154 4542 1226 4614 quod
1249 4541 1443 4596 amarulentius
1464 4536 1572 4612 agimus
1592 4559 1666 4614 quar.-

336 4629 447 4689 radam,
471 4637 499 4683 et
522 4644 554 4684 ιιι
578 4629 628 4702 ipsi
653 4631 759 4702 quidem
783 4629 896 4702 perlecti
919 4628 1012 4682 simus.
1057 4635 1085 4682 et
1108 4626 1215 4700 quidem
1237 4624 1325 4698 lepide
1347 4625 1397 4679 hoc
1412 4625 1493 4685 dicis,
1515 4642 1576 4679 cum
1592 4643 1666 4680 man·

371 4713 514 4768 siretudiuc
537 4715 705 4769 tractandum
729 4730 788 4768 esse
811 4711 997 4784 evaugelium3
1025 4713 1072 4767 scd
1101 4728 1161 4765 curu
1192 4709 1317 4768 iuhruvis.
1346 4726 1406 4763 curu
1436 4708 1615 4763 imbecillibus
1638 4711 1665 4764 iu

372 4797 439 4858 lide,
462 4813 524 4853 cum
547 4797 580 4852 iis
604 4799 702 4871 quihus
726 4798 794 4853 lactc
818 4814 886 4870 opus
908 4804 951 4849 est
974 4804 1001 4849 et
1024 4795 1113 4850 cibum
1136 4793 1251 4849 solidum
1276 4795 1347 4848 terro
1369 4809 1424 4848 uon
1451 4801 1581 4866 possunt,
1611 4811 1664 4848 non

371 4898 432 4936 cum
455 4881 655 4954 pertinacibus,
679 4881 838 4943 cervicosis,
861 4879 1024 4954 deploratis,
1047 4878 1212 4952 desperatis.
1236 4877 1398 4932 ellruutihus
1413 4886 1440 4931 et
1457 4878 1666 4934 iuvluratissiruis

432 5066 482 5114 ”ii
502 5068 527 5116 3.
566 5064 587 5096 ¹²
605 5065 775 5130 expostulari
789 5066 814 5113 3.
850 5061 903 5096 ²⁴³⁵
921 5060 1056 5113 nouilirno
1070 5064 1095 5110 1.
1135 5058 1157 5092 ἰ
1176 5067 1251 5111 tuam
1267 5063 1291 5109 3.
1327 5059 1347 5091 ³¹
1368 5066 1411 5109 est
1430 5061 1554 5126 (prosit)
1572 5077 1665 5112 ornnes.
