4367 6084
478 713 484 725 ”
512 700 585 773 306
685 713 885 764 cccxxxm.
904 727 1024 763 prosata
1038 727 1142 762 nussia
1154 727 1298 762 animosis
1311 726 1484 762 serenantes
1498 725 1631 761 nentur.

445 894 512 947 §.etl
523 906 543 947 a
556 889 710 964 pontifice,
730 888 781 944 cui
798 884 993 959 iampridem
1012 884 1119 943 mltum
1134 884 1254 954 indixit.
1289 883 1382 953 (tuam
1400 885 1542 941 atrociter
1558 889 1658 941 autem
1675 883 1820 954 eeapitat

513 991 594 1066 qnod
615 987 726 1048 nticitbi
751 988 862 1061 scripsi
892 986 956 1045 Non
987 1002 1105 1060 semper
1125 1003 1188 1045 esse
1213 985 1431 1059 proferendam
1451 986 1618 1055 ueritatem,
1650 990 1681 1063 et
1710 984 1818 1054 maqni

513 1092 632 1165 referre
660 1105 717 1163 quo
746 1089 832 1147 modo
856 1086 1044 1163 proseratur.
1090 1086 1195 1156 ‘Oetam
1222 1093 1303 1145 tuam
1325 1087 1503 1158 sacrilepam
1525 1082 1631 1143 uocem'
1654 1086 1754 1158 inquit
1776 1086 1814 1140 ‘in

513 1195 656 1266 ‘inquiam
675 1193 777 1262 recopi
793 1191 924 1264 oportuit
952 1184 1026 1269 (iam
1051 1190 1130 1247 enim
1152 1189 1363 1247 stomacltosius
1384 1189 1440 1246 boc
1460 1205 1506 1246 rne
1526 1189 1626 1260 eloqui
1647 1204 1697 1244 res
1718 1181 1813 1258 coqu)

514 1297 549 1353 ‘si
565 1293 698 1366 osticium
715 1291 809 1350 debite
824 1290 966 1362 facerent
979 1291 1032 1362 qui
1047 1289 1203 1348 hereticos
1217 1291 1262 1348 ael
1274 1290 1317 1347 ad
1328 1291 1560 1349 recordationem
1575 1289 1706 1361 adiqunt
1722 1303 1837 1356 nunes

446 1405 514 1453 §.ns
527 1398 581 1454 ‘oet
600 1397 630 1452 in
648 1396 744 1467 iqnem
766 1389 944 1450 coniiciunt’.
966 1391 1098 1450 Christus
1110 1393 1244 1464 primum
1259 1393 1363 1463 leqans
1384 1393 1530 1465 apostolos
1548 1389 1592 1448 ad
1606 1391 1811 1462 eoanqeiicam

512 1496 773 1572 pradicationem,
795 1495 884 1550 vetuit
906 1509 944 1550 ne
962 1492 1125 1566 proderent
1144 1508 1177 1550 se
1196 1508 1259 1550 esse
1277 1490 1435 1552 Christum.
1467 1491 1503 1550 Si
1518 1493 1628 1550 ueritas
1644 1494 1712 1565 ipsa
1730 1491 1814 1548 iussit

515 1614 580 1657 eam
603 1597 754 1655 ueritatem
776 1594 820 1652 od
845 1600 959 1667 tempus
979 1596 1075 1662 sileri,
1104 1597 1183 1652 citra
1204 1594 1290 1652 cuius
1314 1597 1508 1665 copnitionem
1530 1610 1569 1653 ac
1592 1591 1811 1667 professionem

515 1702 592 1760 nulii
610 1698 753 1768 continqit
772 1697 869 1766 salus,
896 1695 970 1768 quid
989 1697 1058 1754 nasi
1076 1696 1105 1753 si
1126 1711 1181 1767 eqo
1204 1695 1273 1752 diei
1291 1695 1403 1753 alicubi
1424 1695 1672 1771 supprimendam
1698 1695 1811 1752 uerita-

448 1810 514 1859 §.nu
526 1797 604 1862 terni
624 1800 709 1858 Idem
731 1813 828 1856 nonne
848 1798 929 1855 siluit
950 1798 1035 1871 apud
1053 1799 1230 1855 sceleratum
1253 1798 1422 1868 concilium,
1442 1798 1523 1871 quod
1540 1799 1653 1856 coierat
1673 1797 1704 1853 in
1727 1794 1841 1866 damon

517 1907 614 1963 anne
632 1907 661 1960 et
680 1894 825 1973 Caipboe?
847 1897 892 1956 ‘Si
911 1894 1027 1956 direro'
1049 1900 1145 1971 inquit
1165 1888 1266 1967 uobis,
1289 1914 1348 1956 non
1369 1899 1496 1957 credetis
1516 1895 1607 1957 mibi'.
1653 1897 1810 1953 Veritatem

519 2007 653 2065 dicturus
684 2007 764 2067 erat,·
794 2015 872 2071 quur
898 2000 990 2071 iqitur
1014 1993 1117 2056 siluit?
1147 2000 1218 2071 qnia
1245 1999 1357 2057 sciebat
1388 2002 1500 2059 aedium
1529 1998 1600 2071 sore
1627 1995 1810 2072 profectum.

435 2077 516 2163 ’Μ
530 2107 632 2165 Nonne
651 2102 785 2161 similiter
806 2100 925 2159 obticuit
946 2099 1032 2174 apud
1041 2096 1212 2158 Herodem?
1232 2099 1278 2159 Sit
1292 2117 1406 2174 parum
1428 2101 1484 2159 loc
1506 2102 1589 2159 dium
1608 2097 1736 2170 secisse,
1757 2097 1814 2154 nisi
1891 2090 1896 2102 '

519 2208 618 2265 docuit
638 2206 680 2262 ita
699 2201 893 2274 faciendum:
926 2199 1038 2259 ‘Nolite’
1052 2181 1159 2293 'inquil‘
1187 2205 1330 2260 ‘sanctum
1353 2202 1429 2259 dare
1452 2200 1589 2273 canibtts,
1611 2203 1703 2258 nolite
1725 2214 1810 2257 mar-

449 2320 517 2369 §.ns
526 2309 645 2382 paritas
665 2303 791 2362 obiicere
810 2300 929 2376 porcis’.
953 2302 1045 2373 Oreum
1067 2301 1146 2360 iubet
1161 2305 1306 2376 apostotos
1323 2305 1475 2375 emiqrare
1492 2318 1509 2360 e
1526 2304 1657 2373 civitate,
1691 2318 1763 2374 qua
1782 2316 1839 2357 seu

513 2409 650 2485 prebeat
671 2405 825 2478 indiqnam
847 2406 1018 2476 eaanpelico
1039 2418 1190 2462 sermone:
1208 2420 1305 2462 nonne
1325 2406 1413 2462 silere
1435 2404 1514 2461 iubet
1529 2404 1610 2476 quod
1629 2417 1734 2461 aerum
1750 2395 1812 2459 est?

517 2513 623 2570 Petrus
651 2510 681 2566 in
704 2507 813 2580 primis
834 2507 893 2562 illis
920 2507 980 2562 suis
1006 2504 1193 2562 concionibus
1217 2504 1365 2564 Christum
1391 2507 1485 2563 sirum
1514 2507 1693 2579 appellauit,
1726 2502 1812 2561 deum

516 2613 624 2675 tacteit,¹
653 2607 731 2666 idem
754 2605 831 2677 fecit
855 2605 968 2663 Paulas
990 2606 1076 2678 repud
1097 2606 1296 2689 Athenienses.
1339 2606 1452 2664 Paulus
1478 2608 1608 2680 loquitur
1635 2606 1811 2679 sapientiam

518 2715 595 2770 inter
612 2707 766 2783 perfectos
787 2708 886 2778 utique
906 2719 1020 2776 beram,
1042 2709 1121 2764 inter
1142 2707 1299 2765 imbecilles
1321 2709 1413 2780 iqitnr
1434 2708 1501 2765 silet
1527 2707 1608 2780 quod
1634 2721 1737 2765 aemma
1761 2710 1811 2763 est.

451 2828 517 2878 §.ero
531 2812 643 2869 Paulus
657 2809 802 2889 apostolos
817 2814 901 2864 uocat
917 2807 1135 2880 dispensatores
1152 2810 1356 2881 mysteriorum
1378 2808 1443 2866 dei:
1463 2811 1516 2881 qui
1535 2807 1696 2882 dispensat,
1718 2821 1842 2864 nonnen

520 2911 658 2985 quadam
672 2911 796 2981 promit,
823 2909 960 2981 quiedam
983 2910 1131 2979 recondit,
1158 2915 1307 2983 utcunque
1324 2911 1420 2985 poscit
1442 2908 1597 2985 profectus
1619 2902 1813 2968 auditorum?

521 3013 581 3070 Cur
595 3010 810 3075 catechumenis
826 3024 885 3066 non
900 3011 997 3068 statim
1016 3010 1229 3084 aperiebantur
1241 3013 1341 3070 omnia
1354 3014 1494 3085 mqsteria
1507 3009 1707 3085 pbilosopbiee
1723 3009 1814 3066 Ciri-

451 3129 518 3180 §.esu
530 3109 660 3180 stione?
682 3113 753 3185 quin
775 3109 904 3168 nondum
926 3119 1015 3170 erant
1036 3128 1173 3185 capaces.
1211 3112 1251 3169 Et
1272 3119 1370 3171 tamen
1391 3112 1440 3170 bec
1459 3129 1517 3170 non
1536 3111 1679 3186 loquebar
1698 3111 1736 3168 de
1757 3126 1821 3167 ar-¹

488 3250 494 3255 ÷
519 3218 616 3275 ticalis
632 3214 717 3286 fidei,
740 3214 794 3271 sed
809 3213 847 3271 dc
860 3213 1030 3286 paradoeis
1044 3212 1181 3284 Latiari,
1200 3213 1294 3287 deque
1306 3215 1445 3272 conuiciis
1462 3215 1493 3271 in
1507 3215 1684 3287 pontificem.
1718 3210 1815 3283 Finpe

520 3318 593 3377 mibi
613 3322 748 3375 constare
766 3312 876 3385 festum
895 3313 1020 3386 pascae
1042 3329 1100 3371 non
1123 3329 1177 3372 suo
1204 3315 1253 3372 die
1281 3315 1440 3385 celebrari,
1470 3321 1569 3374 utrum
1591 3314 1715 3388 expedit
1746 3327 1843 3372 eamn

451 3434 519 3484 §.nu
532 3420 682 3477 ueritatem
699 3431 807 3489 maqno
829 3414 908 3474 orbis
929 3417 1054 3473 tumultu
1076 3413 1241 3486 defendere
1262 3431 1303 3473 an
1324 3412 1435 3475 silere?
1456 3416 1492 3474 Si
1508 3417 1583 3475 mibi
1601 3415 1688 3490 apud
1705 3421 1815 3489 turan-

521 3537 591 3579 num
607 3524 819 3593 propotentem
840 3522 915 3574 esset
935 3516 1055 3588 apenda
1080 3532 1174 3575 causa
1196 3518 1371 3589 innocentis,
1400 3534 1470 3595 num
1495 3520 1595 3577 omniu
1617 3533 1690 3576 uera
1706 3517 1814 3591 prolo-

520 3639 598 3695 quar
619 3627 648 3678 et
667 3634 791 3678 causam
812 3619 973 3676 innocentis
987 3617 1138 3691 prodam,
1161 3634 1201 3675 nn
1222 3619 1315 3676 multa
1336 3613 1482 3677 reticebo?
1500 3618 1648 3677 Huttenus
1663 3620 1710 3676 air
1723 3617 1815 3689 sortis

520 3739 558 3779 ac
579 3721 709 3779 iteritatis
729 3721 931 3777 tenacissimus
951 3721 994 3776 sic
1016 3726 1120 3792 aqeret
1138 3721 1259 3793 opinor,
1293 3718 1531 3778 ‘Sceleratissime
1558 3727 1701 3794 tyranne,
1725 3733 1814 3792 quam

521 3828 571 3879 ‘tot
590 3823 667 3879 aises
691 3829 719 3878 te
738 3823 872 3878 meliores
893 3819 1053 3890 occideris,
1085 3803 1215 3879 nondum
1237 3825 1374 3878 saturata
1398 3829 1442 3878 est
1468 3829 1520 3878 teta
1543 3821 1721 3892 crudelitas,
1756 3820 1845 3878 nisisi

522 3922 610 3978 ‘bunc
631 3922 812 3978 innocentem
840 3922 927 3977 tollas
953 3936 970 3978 e
997 3916 1127 3978 medio?'
1160 3938 1254 3995 ireque
1275 3925 1365 3980 multo
1387 3923 1540 3980 deuterius
1569 3923 1692 3995 quidam
1722 3928 1817 3994 apum

522 4036 645 4078 eausam
661 4018 879 4092 lutheranam,
902 4021 954 4092 qui
974 4021 1119 4080 seditiosis
1139 4023 1246 4081 libellis
1263 4023 1487 4082 debaecbantur
1500 4025 1531 4082 in
1549 4022 1718 4082 Misenum
1735 4040 1816 4098 pon-

453 4137 521 4186 §.sou
533 4124 648 4192 tificem.
688 4121 747 4182 Aut
766 4122 794 4179 si
812 4123 863 4179 cui
882 4123 945 4180 piro
965 4122 1039 4181 bono
1058 4124 1097 4181 ab
1117 4125 1207 4198 impio
1228 4125 1370 4198 pontifice
1395 4131 1555 4183 conaretur
1576 4127 1740 4198 impetrare
1761 4140 1816 4182 sa-

522 4223 699 4293 cerdotium,
720 4222 861 4281 scriberet
878 4222 958 4280 burno
979 4225 1009 4281 in
1033 4225 1166 4296 modum,
1201 4224 1306 4300 ‘Impie
1331 4225 1525 4298 antichriste,
1549 4227 1699 4284 extinctor
1719 4242 1816 4283 euan-

486 4322 614 4396 sp‘qetii,
643 4323 774 4398 publica
805 4324 949 4383 libertatis
980 4341 1151 4398 oppressor,
1184 4326 1335 4386 adulator
1351 4328 1542 4401 principum,
1576 4333 1616 4385 tot
1644 4327 1846 4386 sacerdotiass

524 4425 668 4500 ‘turpibus
688 4428 816 4500 turpiter
840 4426 934 4484 donas
955 4442 993 4483 ac
1014 4428 1132 4500 turpius
1153 4427 1269 4497 pendis,
1297 4428 1339 4486 da
1359 4427 1430 4487 ituic
1449 4427 1523 4486 bono
1547 4430 1611 4487 oiro
1632 4429 1690 4487 boc
1709 4444 1816 4487 sacer-

523 4527 657 4597 dotium,
679 4543 717 4584 ne
737 4529 815 4585 mate
836 4528 959 4585 colloces
979 4529 1098 4585 omnia’.
1141 4527 1248 4600 Rides,
1269 4531 1377 4588 tector:
1403 4536 1534 4588 attamen
1554 4530 1605 4587 isti
1623 4530 1718 4588 nibito
1737 4546 1817 4603 pru-

453 4628 650 4687 §.osndentius
671 4639 763 4701 nqnnt
784 4630 937 4700 neqocium
964 4630 1176 4701 eaarrpeiieum.
1211 4629 1273 4687 Nec
1298 4635 1396 4688 tamen
1426 4631 1495 4688 diui
1523 4646 1636 4689 omnem
1665 4632 1815 4688 ueritatem

520 4730 680 4800 silendam,
715 4746 770 4788 nec
794 4735 952 4806 perpetuo,
985 4731 1039 4788 sed
1063 4731 1188 4789 alicubi:
1214 4747 1254 4787 (tre
1283 4748 1430 4805 nusquam
1458 4731 1617 4790 tacendum
1651 4739 1706 4804 est,
1738 4729 1818 4805 quod

587 4928 598 4960 ²
617 4927 709 4994 esng.]
728 4931 842 4993 Expost.
856 4930 880 4987 ξ.
897 4928 952 4978 180.
1010 4929 1147 4994 'Evnng
1161 4945 1217 4979 soc.
1232 4931 1331 4980 status.
1345 4931 1468 4980 xviia.
1506 4924 1511 4939 ‘
1534 4931 1552 4963 ¹¹
1573 4931 1601 4980 Si
1621 4929 1689 4996 dix]
1709 4933 1815 4996 Evung.

520 5011 816 5061 seolsiexxtkot.
853 5010 1234 5076 ¹¹NotiteJMatth.vl1.o.¹⁵
1269 5014 1336 5062 Cum
1351 5017 1410 5064 ib.
1445 5013 1815 5079 ²⁰Paul.]1.ad00r.1v.1.
