4367 6084
387 717 649 770 CCXLIX‘.nntsirr
659 734 696 769 an
706 733 794 769 ronan
805 733 846 767 re.
859 716 937 767 CCL.
945 731 1067 766 uranum
1079 731 1116 766 an
1125 730 1266 765 uenture.
1278 731 1321 766 nr.
1332 724 1398 766 nte.
1408 725 1533 767 irrumet.
1593 703 1640 774 67

336 892 529 966 placabilique
552 893 695 967 preditum
719 892 843 963 ingenio:
868 890 893 944 id
917 890 939 944 si
962 889 1020 944 sieri
1044 906 1098 944 nun
1122 898 1228 962 potest,
1251 890 1335 944 uelim
1359 883 1440 946 ut'tu
1465 900 1491 946 te
1513 893 1573 947 huic
1595 910 1641 947 ne·

337 978 426 1049 goeio
450 977 606 1034 admisceas.
644 977 728 1032 amari
752 992 860 1049 semper
882 975 909 1028 in
933 983 959 1029 te
981 973 1126 1047 preclaras
1141 974 1241 1029 Christi
1262 974 1355 1035 dotes,
1379 993 1433 1048 qrtu
1455 977 1542 1048 iringis
1559 979 1640 1051 eupiu

339 1071 371 1114 te
395 1064 499 1117 servari
522 1062 637 1135 negocio
661 1059 829 1133 evangelicu:
854 1076 909 1131 quc
931 1060 1017 1130 magis
1040 1058 1159 1112 amabam
1183 1058 1319 1113 llutteuiei
1340 1076 1432 1113 venam
1449 1061 1565 1130 ingenii,
1590 1062 1640 1117 linc

339 1147 432 1217 magis
460 1146 542 1201 doleo
570 1145 650 1200 nohis
678 1153 802 1218 ereptum
833 1161 882 1216 per
910 1144 960 1200 lius
988 1141 1129 1197 tumultus.
1175 1143 1239 1209 Quis
1268 1150 1357 1197 nutem
1387 1160 1441 1198 uun
1470 1147 1641 1200 excrucietur

304 1245 322 1280 s
339 1231 435 1285 animo
459 1232 481 1285 si
505 1230 647 1304 Philippus
669 1228 873 1288 llelauclitlmrr,
898 1228 1000 1282 iuvenis
1017 1234 1058 1281 tut
1074 1227 1178 1281 eximiis
1193 1225 1303 1282 dntibus
1320 1228 1483 1288 instructus.
1509 1231 1639 1301 perhanc

341 1322 535 1387 tempestatem
559 1306 674 1388 publicis
696 1314 864 1368 ermliturum
889 1313 958 1366 rutis
987 1312 1169 1366 adimeretur?
1197 1311 1273 1378 Quod
1303 1312 1325 1365 si
1354 1313 1474 1384 qnmdam
1499 1313 1639 1369 ullemluut

344 1401 374 1452 in
396 1399 437 1452 liis
461 1417 579 1472 quornm
602 1399 715 1453 arbitrio
740 1415 783 1452 res
805 1397 928 1451 humanm
952 1405 1153 1469 temperantur,
1177 1413 1275 1451 censen
1291 1414 1342 1450 sun
1357 1396 1467 1452 «turnino
1484 1397 1639 1470 relinquen·

342 1483 396 1538 dos
418 1526 590 1538 ........
615 1483 684 1538 Beue
708 1481 772 1537 vale.
797 1481 905 1536 Lurauii
929 1480 969 1535 Vl.
986 1480 1020 1534 ld.
1040 1480 1128 1535 llaias.
1153 1483 1230 1535 duuu
1253 1480 1392 1535 ttttxxt.

806 1725 1198 1744 --.αι’-*-

367 1982 546 2051 [niernum]
936 1938 1046 2040 CCL.
1399 1995 1433 2034 ee.
1448 2001 1506 2035 nir.
1520 2003 1545 2037 a.
1562 1997 1618 2038 uu.

347 2052 565 2063 ———
1366 2057 1635 2070 Ἄ,

285 2139 333 2180 ¹⁰
894 2135 1096 2217 [tvrunuvs]

772 2238 947 2287 PHILIPPO
967 2236 1210 2286 MELAN'PHONI

556 2325 730 2366 THEOLOGO
754 2324 920 2365 ECCLESIAE
942 2323 1256 2365 tvtrrnrauuuumtsts
1279 2324 1425 2368 nocrout

705 2411 738 2450 Iu
763 2410 903 2451 cuulsro
926 2408 1044 2450 FRATRI
1069 2408 1276 2450 cunnrssnto.

930 2545 1056 2586 IHBSVS.

282 2636 333 2684 ’ὅ
430 2640 560 2696 Salutem.
605 2639 672 2706 Ouid
696 2640 738 2695 liis
761 2638 848 2694 literis
872 2639 1023 2694 iamdudum
1046 2638 1162 2710 signatis
1185 2640 1352 2712 scripserim.
1377 2641 1479 2697 oblitus
1503 2661 1575 2705 sum.
1600 2645 1635 2700 mi

351 2724 481 2799 philippe:
509 2735 599 2781 tamen
622 2724 653 2778 ad
678 2733 737 2779 tuas
761 2724 827 2778 istas
850 2724 1016 2797 respondere
1038 2724 1127 2779 ilenuo
1150 2723 1222 2794 mpup
1250 2768 1515 2782 ............
1533 2745 1634 2783 ·.....

350 2808 425 2875 (luem
456 2805 687 2886 [Oeenlumpudu'
708 2806 809 2864 librum
833 2810 867 2863 de
889 2807 1079 2878 consessionis
1100 2804 1262 2884 faeditate]
1293 2810 1344 2864 nisi
1367 2828 1520 2884 sperassem
1541 2815 1636 2888 aSpa-

349 2891 428 2948 latinu
451 2895 483 2948 ad
506 2912 555 2949 rus
578 2894 689 2948 missum
713 2892 752 2948 rel
777 2893 950 2953 mittendum,
981 2910 1032 2948 uua
1061 2910 1121 2947 cum
1145 2892 1270 2966 epistulis
1293 2894 1402 2950 llutteni
1426 2896 1580 2952 adiunctum
1603 2900 1634 2954 ad

349 2977 430 3049 pileus
454 2979 523 3033 istos
546 2986 573 3034 et
602 2977 730 3050 galeritus
759 2995 864 3050 upupas
893 2977 1053 3032 Wnrmaeim
1083 2977 1192 3050 scriptis
1223 2978 1356 3034 misissem
1385 2981 1457 3053 ipse:
1492 2992 1582 3038 tamen
1609 2993 1635 3039 et

281 3063 333 3109 ἒυ
348 3063 400 3134 ipse
423 3063 525 3136 aliquid
548 3063 641 3118 addam
664 3063 687 3117 si
711 3079 822 3136 possum
846 3063 871 3116 iu
895 3061 1006 3117 eandem
1030 3060 1179 3116 vernacule.
1223 3064 1422 3119 Cameracensis
1445 3083 1530 3121 rruvus
1557 3070 1640 3142 mari,

349 3155 387 3200 tus
409 3147 475 3202 milri
498 3146 643 3209 mirabilis,
673 3148 718 3220 qui
742 3146 807 3202 nilril
832 3154 935 3202 metuat
957 3153 1039 3219 etque
1061 3147 1129 3202 adeo
1152 3146 1190 3201 sic
1214 3147 1349 3205 festinarit
1372 3149 1398 3204 in
1427 3150 1544 3205 tumultu
1573 3151 1634 3207 istu.

347 3240 420 3303 regat
444 3249 504 3287 eum
527 3232 652 3287 dominus
675 3241 703 3287 et
725 3232 836 3287 misceat
858 3231 883 3286 ei
907 3230 1103 3286 oblectamenta
1126 3231 1237 3286 lactucis
1260 3232 1330 3292 suis.
1355 3233 1427 3304 quud
1451 3242 1478 3287 et
1500 3235 1635 3308 siuepre-

346 3315 417 3371 cibus
440 3317 508 3372 meis
530 3316 577 3371 siet
579 3358 867 3371 .............
890 3315 949 3369 uon
971 3315 1084 3389 deposui
1108 3333 1184 3388 spem
1207 3317 1238 3370 ad
1262 3334 1309 3371 rus
1325 3316 1467 3378 redeundi.
1492 3319 1530 3372 sic
1547 3326 1634 3373 tamen

348 3408 373 3453 ut
396 3402 476 3455 iaciat
499 3401 566 3456 deus
589 3402 662 3473 quud
686 3400 786 3455 lmrmm
809 3409 850 3454 est
875 3399 899 3453 iu
924 3398 1009 3454 oculis
1032 3400 1097 3453 suis.
1137 3399 1162 3453 Si
1186 3417 1253 3472 papa
1278 3417 1372 3454 uuines
1394 3401 1571 3471 aggredietur
1589 3405 1634 3475 qui

281 3493 446 3539 ²·3mecum
470 3486 606 3546 sentiunt,
636 3486 694 3539 sine
719 3483 835 3539 tmuultu
859 3500 913 3538 nou
937 3485 988 3538 erit
1012 3483 1167 3543 Germania,
1197 3491 1224 3536 et
1247 3502 1301 3556 qrru
1325 3485 1405 3538 citius
1429 3485 1452 3539 id
1481 3489 1633 3546 tentaverit,

347 3568 393 3622 lme
415 3569 496 3624 eitius
519 3578 547 3623 et
570 3570 628 3642 ipse
651 3578 678 3624 et
701 3570 742 3623 sui
765 3569 893 3642 peribunt
914 3576 942 3622 et
965 3586 1016 3639 egu
1040 3576 1174 3622 revertar:
1203 3568 1270 3622 deus
1293 3570 1406 3623 suscitat
1429 3569 1543 3642 spiritus
1566 3571 1634 3626 mul·

348 3659 430 3708 tumm
453 3663 536 3726 atque
558 3653 625 3708 aden
648 3663 675 3708 et
699 3652 771 3725 vulgi
801 3653 897 3712 eorda.
928 3661 957 3706 ut
980 3653 1044 3707 milri
1068 3652 1214 3707 verisimile
1237 3671 1291 3707 nun
1314 3654 1350 3707 sit
1372 3670 1454 3726 pesse
1477 3671 1532 3709 rem
1557 3656 1634 3711 istam

347 3737 367 3789 ri
387 3739 539 3810 cunipesci,
563 3747 610 3792 aut
632 3739 811 3810 si'cumpesci
834 3737 962 3810 eruperit,
985 3736 1100 3811 ilccuplo
1122 3737 1208 3792 maiur
1223 3739 1290 3792 erit:
1313 3737 1394 3794 habet
1409 3738 1550 3794 Germania
1567 3740 1635 3795 mul·

348 3828 385 3874 tus
408 3822 600 3878 liarstlranseu.
651 3823 758 3877 llumcr
781 3830 851 3877 tacet
875 3863 1234 3876 ................
1264 3823 1364 3878 lterum
1387 3822 1452 3878 vale.
1487 3823 1560 3880 luter
1589 3843 1633 3880 ru·

290 3902 429 3961 &uiueres
451 3908 485 3961 de
509 3907 590 3961 ramis
613 3923 692 3962 suave
714 3915 856 3962 cantantes
877 3906 1011 3978 deumque
1035 3907 1101 3960 tutis
1125 3906 1226 3961 ririlms
1249 3906 1389 3963 laudantes
1411 3908 1453 3962 die
1482 3925 1512 3964 ae
1542 3919 1633 3966 noctu.

347 3988 474 4047 [lominica
498 3991 647 4047 Trinitatis.
671 3992 749 4046 duno
772 3991 839 4045 llll.
849 3990 911 4045 xxi.
1281 3992 1437 4063 Μαρτῖνος
1455 3977 1470 4046 ὅ
1488 3983 1548 4061 σός.

348 4169 419 4221 CCL.
453 4172 641 4222 l=Lutl1eri
654 4175 723 4239 Epp.
743 4173 814 4233 (lud.
828 4171 894 4221 bibl.
909 4187 935 4219 n.
949 4172 1026 4233 57,1.)
1046 4173 1067 4221 l.
1086 4189 1113 4237 p.
1127 4170 1199 4221 3‘29'.
1270 4173 1632 4240 2=ibtd.57‚e.11.p.8.

352 4273 442 4333 Q.
462 4257 500 4305 n⁰.
515 4256 573 4307 321.
594 4258 759 4306 (lerinunice
780 4259 807 4306 in
825 4258 936 4306 Lutlrerr
948 4257 1080 4319 Schriften
1093 4273 1114 4304 v.
1134 4258 1234 4309 Wulcd.
1252 4258 1310 4307 XV.
1331 4260 1450 4321 Andunp.
1465 4260 1587 4308 LXXIX.

406 4398 415 4419 ³
435 4395 560 4441 Lovunio
581 4393 619 4441 tu.
641 4392 724 4455 traji,
745 4392 823 4440 duim
845 4390 917 4440 152t.
938 4395 962 4440 5.

407 4475 426 4507 ¹*
441 4475 534 4541 epist}
550 4478 681 4528 invectis.
690 4478 716 4524 in
725 4477 990 4541 Lutlreromantygee
1003 4477 1173 4527 secerdotes.
1194 4477 1231 4527 el.
1245 4493 1327 4543 supra
1340 4496 1364 4545 p.
1378 4479 1486 4543 21.eqq.
1522 4477 1543 4509 ¹⁰
1556 4479 1633 4527 Wor-

348 4561 432 4609 mutire
452 4566 477 4610 2.
532 4560 554 4591 ²⁰
572 4559 726 4624 Garumnae]
747 4560 812 4609 Vult
832 4561 1064 4626 Kembergensem
1084 4563 1261 4627 praepositum
1280 4564 1462 4626 Bernardum‚
1482 4564 1515 4612 de
1533 4563 1633 4627 quoad

347 4645 508 4707 superiorem
528 4660 570 4709 ep.
583 4644 808 4695 CCXXXXVIII.
829 4645 953 4694 diximus.
1007 4645 1028 4677 ²⁸
1047 4647 1155 4710 ceperit
1174 4649 1197 4694 1.
1253 4644 1273 4677 ³¹
1294 4645 1444 4710 Μαρτίνος
1462 4638 1478 4697 ὁ
1495 4661 1553 4697 eon.
1574 4652 1598 4697 1.
