4367 6084
556 712 626 783 164
716 725 962 776 (lectitassem
977 741 1039 775 eoa.
1054 741 1090 775 an
1103 741 1218 776 aaronis
1232 742 1375 777 narratura
1390 742 1474 778 amm
1490 736 1508 777 t.
1524 744 1603 777 rann.
1622 734 1679 777 tara.

552 901 726 956 Sletstadium
749 917 836 973 usquc
859 900 1048 973 profugorum:
1071 900 1118 955 sed
1141 901 1180 955 sic
1202 900 1314 956 allectus
1336 917 1367 955 cr
1391 900 1503 961 itinere,
1533 910 1562 955 ut
1591 901 1709 973 primum
1741 900 1845 955 Brisaei

552 985 623 1060 apud
646 984 789 1040 Heuricum
813 984 1001 1044 Gallinarium.
1026 985 1084 1039 eius
1108 983 1159 1039 loci
1183 986 1345 1056 parocbum,
1375 983 1456 1040 biduo
1486 984 1659 1040 refocillarim
1688 984 1847 1056 corpusculi

553 1070 756 1129 lassitudinem,
786 1087 816 1124 ac
839 1068 935 1124 febrim
958 1068 1090 1123 lenierim.
1127 1069 1224 1124 deinde
1246 1070 1317 1142 apud
1339 1070 1465 1131 Beatum,
1494 1070 1609 1124 amicum
1637 1070 1758 1123 omnium
1784 1086 1848 1123 can·

551 1154 733 1213 «latissimum.
757 1153 925 1208 refocillatus
948 1153 1141 1226 quadriduum,
1164 1170 1237 1226 aegre
1260 1172 1303 1209 mc
1323 1154 1453 1208 llasilcam
1470 1154 1633 1226 receperim,
1656 1153 1764 1208 sedhic
1780 1170 1849 1226 quo·

554 1256 606 1311 que
629 1238 698 1311 apud
722 1237 896 1292 Gallinariam
920 1236 1098 1294 refocillatus.
1142 1255 1233 1293 verum
1257 1238 1365 1293 interim
1388 1238 1531 1293 obfirmato
1558 1238 1661 1299 animo,
1691 1245 1722 1292 ut
1752 1239 1774 1291 si
1800 1230 1869 1291 're-a

537 1324 664 1378 ..scissem
686 1322 810 1377 Carolum
840 1322 942 1378 diutius
971 1323 1041 1396 apud
1070 1338 1121 1377 nos
1148 1323 1325 1383 commorari,
1360 1324 1441 1377 sartis
1469 1322 1571 1377 viribus
1593 1331 1759 1377 retentarem
1783 1322 1845 1376 iter.

553 1407 598 1462 ubi
622 1424 671 1480 per
694 1405 838 1467 famulum.
873 1423 953 1478 quem
976 1408 1003 1461 in
1032 1407 1083 1461 boc
1113 1408 1309 1480 praemiseram,
1343 1409 1532 1479 cognovissem
1561 1405 1665 1463 certum
1695 1406 1780 1465 aliem.
1815 1406 1848 1460 ad

554 1509 633 1564 quem
656 1491 745 1546 Caesar
764 1487 929 1545 destinasset
951 1491 1091 1563 navigare.
1126 1492 1149 1544 is
1172 1500 1230 1545 erat
1251 1491 1311 1546 blaii
1335 1491 1439 1564 primus
1461 1492 1507 1564 qui
1536 1501 1593 1546 tum
1615 1491 1738 1563 proxime
1760 1491 1849 1545 immi·

554 1576 647 1636 nebat.
671 1574 796 1630 exclusus
818 1594 832 1629 a
856 1592 903 1649 spe
920 1575 1024 1630 vidcmli
1039 1575 1153 1630 tlaesaris
1168 1576 1290 1630 continui
1307 1593 1349 1630 me
1365 1576 1475 1631 basileae
1490 1591 1598 1630 meuses
1619 1563 1739 1647 aliquot,
1763 1574 1848 1630 baud·

484 1674 543 1723 arri.
554 1677 687 1735 quaquam
717 1658 860 1732 indulgens
888 1660 957 1715 ocio.
1002 1659 1105 1715 interea
1134 1677 1216 1731 quum
1247 1660 1416 1717 eruditorum
1449 1660 1588 1716 bominum
1624 1659 1711 1714 literis
1734 1659 1893 1714 Romami(

552 1745 694 1804 invitarer,
719 1751 747 1799 et
767 1743 948 1818 complurium
971 1753 1116 1799 eteorum
1140 1744 1238 1816 quibus
1261 1743 1343 1799 fidere
1367 1754 1427 1800 tuto
1449 1754 1588 1818 poteram,
1617 1745 1665 1799 sed
1688 1744 1844 1816 praesertim

473 1883 476 1888 .
551 1831 581 1885 R.
609 1828 754 1884 cardinalis
783 1829 962 1889 Salariensis,
997 1828 1043 1901 qui
1071 1828 1231 1901 frequenter
1259 1847 1308 1901 per
1337 1828 1420 1891 alios,
1455 1830 1501 1884 sed
1530 1828 1580 1883 bis
1603 1829 1724 1901 propriis
1758 1828 1847 1883 literis

551 1922 674 1969 amanter
697 1929 849 1986 magnoque
873 1913 963 1970 studio
993 1913 1103 1986 scriptis
1126 1913 1177 1968 boc
1206 1913 1317 1986 agebat.
1347 1914 1374 1967 iu
1397 1913 1496 1987 quibus
1520 1921 1620 1986 praeter
1642 1930 1750 1968 omnem
1774 1913 1848 1967 laro-

552 2016 622 2058 rem.
645 2006 748 2071 praeter
769 2014 863 2052 omnes
886 2015 949 2070 spes
971 1997 1004 2051 de
1027 2015 1077 2053 suo
1101 1996 1282 2069 pollicebatur
1310 1998 1476 2070 quingentos
1503 1997 1616 2052 ducatos
1644 2014 1747 2058 annue,
1776 2014 1846 2070 pre:

553 2093 626 2138 terea
650 2082 773 2136 viaticum
803 2098 857 2136 nou
888 2082 1041 2143 sordidum,
1071 2090 1099 2136 et
1127 2082 1221 2137 codem
1249 2091 1410 2155 prorocaret
1438 2081 1525 2138 literis
1552 2082 1747 2137 humanissime
1777 2081 1843 2136 scri·
1856 2098 1878 2136 ra

552 2168 606 2240 ptis
630 2166 767 2239 Sylvcster
790 2165 835 2221 ille
856 2166 977 2227 Prieras.
1006 2166 1076 2238 cupi
1105 2173 1133 2220 et
1162 2167 1194 2221 de
1218 2167 1301 2222 Ilnma
1330 2167 1450 2222 adeunda
1472 2167 1608 2239 cogitare,
1638 2165 1661 2221 si
1686 2183 1741 2238 quo
1764 2174 1845 2239 pacto

483 2260 684 2324 §.satyrannus
707 2250 752 2304 ille
775 2267 851 2305 meus
873 2251 950 2305 daret
972 2258 1160 2306 couuueatum.
1205 2259 1232 2305 et
1254 2260 1332 2306 erant
1361 2251 1461 2324 alioqui
1485 2250 1618 2324 permulta
1642 2268 1703 2323 quac
1727 2268 1770 2305 mc
1795 2251 1845 2306 Ilo·

551 2353 620 2390 mam
644 2333 824 2408 prolieorent.
849 2333 1014 2407 optimorum
1037 2334 1168 2390 librorum
1192 2344 1220 2390 ct
1242 2336 1487 2391 eruditissimorum
1510 2335 1649 2390 bominum
1677 2335 1771 2408 copia,
1804 2344 1842 2389 tot

551 2421 628 2475 aurici
653 2429 780 2479 reteres.
798 2420 870 2473 inter
892 2436 961 2492 quos
984 2428 1042 2474 crat
1065 2427 1093 2474 et
1117 2420 1245 2474 Ricardns
1267 2421 1390 2481 Pacmus,
1414 2430 1470 2475 tum
1493 2420 1549 2476 illic
1571 2437 1669 2491 agens.
1692 2427 1720 2473 ct
1743 2418 1843 2474 Paulus

551 2504 722 2563 [inurbanus.
746 2512 773 2557 et
797 2504 909 2558 loannes
926 2504 1024 2565 Faber,
1049 2513 1077 2558 ct
1092 2504 1226 2576 Georgius
1242 2505 1440 2565 Sauromatum.
1464 2505 1629 2578 praepositus
1652 2503 1873 2559 Vratislarieu-rt

551 2591 613 2649 sis.
636 2588 738 2643 iuvenis
767 2588 799 2642 ad
822 2605 941 2659 unguem
962 2588 1059 2643 alectus
1082 2606 1112 2643 ac
1135 2589 1256 2643 maximis
1284 2588 1365 2644 rebus
1394 2598 1488 2651 natus,
1518 2598 1546 2644 et
1568 2589 1737 2643 Hermanuus
1759 2589 1844 2661 Pbry-

378 2695 392 2717 ·
551 2674 622 2733 sius,
647 2672 749 2727 iuvenis
772 2670 836 2726 olim
860 2689 973 2745 magnus
996 2682 1023 2727 et
1046 2671 1145 2727 nobilis
1169 2673 1241 2728 inter
1268 2674 1390 2729 eruditos
1420 2674 1536 2729 iuturus.
1558 2674 1633 2728 ‘Tot
1662 2673 1738 2732 nori,
1774 2673 1844 2727 inter

551 2776 621 2830 quos
643 2757 778 2817 Coricius,
803 2757 843 2811 rir
864 2757 1047 2812 eandidissimi
1070 2758 1204 2829 pectoris.
1236 2766 1263 2812 et
1285 2758 1438 2819 Lamianus.
1463 2758 1527 2813 olim
1552 2757 1660 2812 iuturus
1683 2757 1755 2812 iuter
1779 2757 1844 2811 scri·

550 2851 645 2915 ptores
668 2840 781 2902 nobilis,
811 2841 862 2894 nisi
885 2858 927 2896 me
950 2841 1030 2913 plane
1053 2841 1123 2896 lallit
1146 2842 1227 2896 animi
1250 2842 1422 2916 praesagium.
1468 2843 1565 2898 omitto
1588 2859 1659 2896 nunc
1688 2850 1729 2896 tot
1758 2841 1843 2896 cardi·

552 2927 640 2986 itales,
665 2942 780 2998 quorum
797 2925 909 2979 maxima
925 2943 989 2998 pars
1005 2926 1069 2979 mibi
1086 2927 1208 2998 impense
1225 2926 1310 2987 lavet,
1334 2937 1364 2982 ut
1385 2945 1417 2982 es
1438 2927 1585 2982 amicorum
1607 2926 1694 2981 literis
1709 2927 1873 2997 cognorim

551 3010 767 3084 quidametiam
797 3009 854 3063 suis
885 3010 1005 3082 ipsorum
1034 3010 1122 3064 literis
1149 3012 1268 3066 animum
1297 3030 1361 3083 erga
1390 3029 1432 3067 me
1463 3029 1541 3086 suum
1575 3011 1666 3067 testati
1697 3019 1770 3065 sunt.
1816 3010 1854 3064 Si

552 3097 614 3168 quis
636 3093 803 3149 addubitabit
825 3094 858 3150 de
881 3113 939 3149 inea
969 3094 1033 3153 ude.
1063 3095 1203 3167 productae
1231 3094 1317 3150 litera·
1346 3096 1482 3151 rlrrcebunt
1510 3113 1552 3151 me
1582 3095 1732 3151 modestius
1763 3113 1842 3167 quam

483 3192 603 3253 §.aspro
632 3197 660 3234 re
689 3178 773 3251 loqui.
828 3178 921 3252 ltaque
950 3196 1103 3252 quanquam
1133 3180 1352 3235 dissuadentibus
1381 3181 1474 3235 amicis
1505 3179 1630 3235 omnibus
1657 3179 1842 3234 (lorrstautiam

552 3265 618 3324 adii.
641 3262 834 3320 comitantibus
856 3264 930 3318 ultro
951 3263 1058 3319 duobus
1080 3252 1187 3325 etnicis,
1212 3264 1327 3320 ilenrico
1351 3264 1573 3338 Eppbendorpio.
1604 3272 1706 3337 prater
1733 3265 1843 3335 generis

549 3349 699 3404 claritatem
723 3365 754 3403 ac
776 3346 869 3403 literas
892 3348 1013 3404 moribus
1035 3349 1216 3409 suavissimis.
1240 3368 1269 3405 ac
1285 3350 1367 3403 beato
1384 3350 1520 3404 Ilbeuano.
1558 3348 1663 3420 excepit
1680 3365 1731 3402 uos
1747 3363 1875 3402 nrrrnesao

550 3433 670 3506 bospitio
692 3431 859 3488 clarissimus
882 3433 922 3487 vir
943 3433 1056 3489 loannes
1079 3434 1241 3489 ilotzbemus
1257 3434 1424 3494 abstemius,
1448 3433 1507 3488 eius
1530 3432 1581 3488 loci
1604 3433 1766 3494 canonicus.
1790 3450 1843 3506 quo

550 3518 657 3590 quidem
686 3517 794 3572 bomine
823 3516 889 3572 nibil
912 3518 998 3573 adbuc
1026 3519 1078 3573 vidi
1106 3519 1209 3573 comius
1237 3526 1283 3573 aut
1305 3519 1459 3578 canalibus:
1489 3518 1594 3572 diceres
1615 3517 1699 3571 blusis
1728 3526 1755 3572 et
1779 3518 1843 3572 Gra·

551 3603 595 3656 tiis
619 3610 719 3656 uatum.
764 3601 874 3656 bornum
903 3601 984 3656 babet
1012 3620 1072 3675 qnae
1101 3603 1235 3659 blusarum
1263 3602 1428 3658 domicilium
1456 3602 1539 3657 rideri
1573 3602 1674 3674 possit.
1710 3618 1842 3675 nusquam

551 3703 604 3741 nun
629 3704 685 3760 prro
708 3703 737 3740 se
761 3687 851 3740 ferens
875 3684 977 3757 aliquid
999 3687 1097 3741 nitoris
1121 3696 1148 3742 ct
1171 3686 1327 3759 elegantiae,
1362 3705 1495 3760 nusquam
1523 3695 1612 3748 muta,
1646 3685 1694 3741 sed
1723 3687 1843 3759 undique

619 3864 639 3896 ¹²
652 3866 755 3913 Ilattia.
770 3866 912 3914 Sebinuer.
950 3864 970 3897 ¹⁶
983 3866 1056 3929 Sylr.
1072 3865 1205 3932 Prierias]
1219 3867 1251 3915 tle
1265 3869 1379 3928 luterio,
1394 3869 1477 3934 praed.
1492 3868 1548 3917 ord.
1563 3868 1713 3932 generalis,
1728 3869 1843 3917 Lutlreri

550 3948 636 3997 bostis
650 3940 784 3996 intensior
802 3964 881 4011 quam
901 3949 1069 4012 prudentior.
1133 3949 1153 3979 ¹⁰
1172 3951 1232 3999 late.
1247 3951 1373 4018 I'acaeus]
1387 3956 1509 4003 decanus
1522 3952 1618 4017 templi
1635 3951 1662 4000 S.
1677 3953 1758 4001 Pauli
1771 3955 1841 4002 Lon-

548 4032 680 4089 dinensis,
692 4032 807 4080 Heurici
818 4032 893 4080 VIII.
901 4037 1002 4094 orator,
1015 4034 1034 4094 †
1050 4032 1122 4082 1532.
1159 4032 1210 4065 ¹⁹³⁰
1222 4035 1301 4084 Paul.
1309 4036 1483 4101 Bombasius]
1493 4038 1632 4102 professor
1639 4035 1759 4085 litterar.
1768 4038 1841 4085 Grae·

550 4131 643 4165 carum
656 4116 801 4174 Bononiae,
824 4116 976 4165 trucidatus
990 4117 1082 4166 Romae
1102 4133 1128 4165 a.
1144 4117 1216 4167 1527.
1253 4120 1310 4168 loa.
1325 4119 1426 4185 Faber]
1441 4121 1663 4171 Constantiensis
1681 4122 1840 4179 canonicus,

549 4206 605 4248 turn
619 4201 740 4251 vicarius
753 4200 905 4262 generalis,
920 4206 982 4264 post
995 4202 1142 4266 episeopus
1157 4204 1309 4252 vindobon.
1323 4205 1341 4265 †
1357 4204 1429 4253 1541.
1479 4205 1665 4254 Saurnmanus
1679 4209 1704 4254 1.
1742 4206 1841 4254 Sauro·

549 4283 832 4351 ananus]'praepositus
847 4301 879 4335 ac
892 4285 1014 4334 decanus
1028 4287 1140 4336 l'ratisl.
1154 4289 1172 4348 †
1188 4288 1260 4337 1527.
1275 4290 1376 4338 Romae.
1414 4289 1456 4337 Cf.
1471 4305 1531 4352 qnae
1544 4303 1627 4353 supra
1640 4289 1693 4338 rol.
1706 4291 1729 4338 1.
1744 4306 1770 4354 p.
1785 4288 1840 4338 187.

549 4371 584 4419 od
597 4387 621 4420 v.
638 4370 676 4418 lt.
694 4370 727 4419 de
746 4369 797 4418 hoo
810 4370 927 4418 Hutteui
945 4371 1130 4420 commilitone
1143 4373 1312 4422 Bononiensi
1331 4373 1464 4421 adnotata
1483 4379 1554 4422 sunt.
1608 4372 1626 4404 ²¹
1642 4374 1759 4423 Helonis
1773 4374 1840 4423 Her·

549 4457 642 4505 manni
654 4454 763 4518 Phrysii
775 4441 956 4504 cruditionem
970 4472 1113 4520 moresque
1126 4458 1205 4505 enixe
1219 4457 1314 4506 laudat
1328 4473 1360 4505 ac
1375 4458 1684 4506 oommcndatErasmns
1697 4458 1763 4506 aliis
1778 4475 1838 4507 eou-

547 4540 671 4605 pluribns
690 4538 824 4604 epistolis.
860 4540 902 4588 De
915 4540 1047 4603 Tigurino
1060 4541 1164 4590 Ioanne
1178 4542 1268 4591 Frisio
1282 4543 1316 4591 ad
1329 4543 1354 4590 b.
1369 4542 1386 4589 l.
1401 4542 1487 4592 rerba
1501 4542 1569 4590 iecit
1581 4542 1722 4613 Kieserus,
1737 4544 1839 4607 inepte.

547 4622 569 4654 2³
587 4620 723 4687 Coricius]
743 4624 874 4683 Ioannes,
900 4624 1181 4688 Imcssimburgensis,
1207 4627 1235 4674 in
1258 4626 1323 4675 aula
1341 4627 1487 4690 pontilicis
1506 4643 1523 4674 n
1541 4626 1659 4687 libellis,
1689 4628 1767 4675 cuius
1785 4642 1839 4675 arae

548 4710 686 4757 Huttenus
700 4709 784 4756 etiarn
798 4709 998 4773 epigrammata
1011 4709 1142 4758 nonnulla
1155 4703 1309 4772 dedicarit,
1325 4725 1385 4759 cum
1399 4712 1428 4759 in
1440 4711 1644 4775 expugnatione
1658 4710 1735 4759 urbis
1747 4712 1839 4760 Romae

548 4792 628 4841 bonis
641 4791 766 4841 omnibns
779 4797 877 4840 exaltus
891 4797 966 4841 esset
978 4809 1004 4840 a.
1020 4793 1107 4853 tara,
1128 4795 1155 4842 in
1174 4795 1293 4858 patriam
1312 4810 1470 4843 reversurus
1483 4795 1598 4843 Veronae
1617 4796 1764 4858 expiravit.
1796 4795 1839 4843 Cf.

548 4876 635 4938 Bayle
655 4877 776 4925 Diction.
796 4875 821 4923 h.
841 4892 866 4923 v.
887 4881 915 4924 et
933 4875 1081 4926 Corieinna
1101 4878 1174 4925 iuter
1190 4880 1398 4943 Epigrammata
1416 4879 1599 4927 Hutteniaua.
1620 4877 1690 4941 (lud.
1710 4876 1838 4944 bibliogr.

549 4976 573 5021 p.
588 4956 660 5021 36²³.)
707 4956 867 5022 Landarus]
882 4959 1013 5032 Iacobus,
1034 4962 1173 5023 bavarus,
1193 4963 1303 5011 nonnisi
1322 4978 1354 5011 ex
1368 4979 1410 5026 ep.
1424 4964 1532 5012 Erasini
1545 4963 1570 5011 d.
1584 4963 1626 5012 22.
1639 4965 1709 5013 Dec.
1725 4980 1750 5012 a.
1767 4963 1837 5012 1522.

549 5042 582 5089 ud
602 5056 662 5088 enm
682 5042 748 5089 iliata
767 5041 834 5090 mibi
857 5048 946 5092 notris.
1000 5043 1019 5074 ³¹
1041 5046 1098 5093 loa.
1112 5044 1277 5094 Botzhemns
1296 5061 1370 5109 saepe
1388 5047 1504 5101 Erasnro
1523 5046 1570 5094 ille
1590 5046 1759 5098 celebratus.
