4367 6084
556 678 628 750 160
719 692 787 740 CCC
793 692 852 741 ΥΠ,
866 708 969 742 crassi
985 710 1047 743 ror.
1061 712 1100 744 nn
1113 711 1227 745 narreris
1241 711 1387 745 saraim
1398 711 1441 745 rr.
1455 711 1482 744 n.
1497 708 1516 743 ι.
1530 710 1613 744 rm.
1629 703 1690 742 132

551 867 744 928 &macram
774 866 827 919 iter
849 864 993 926 basileam
1029 869 1110 940 idque
1139 866 1229 961 palam
1249 869 1391 928 omnibus:
1425 870 1646 941 qmdoquiden
1668 868 1722 921 bot
1745 868 1844 920 uniar

553 953 684 1007 maturius
706 951 788 1005 etiam
809 952 960 1005 numeravit
975 944 1124 1007 Caesaream
1147 955 1306 1025 pensionem
1329 954 1530 1012 thesaurarius
1554 955 1628 1025 quod
1642 953 1764 1006 utem
1785 951 1843 1004 nin

552 1038 604 1089 iter
626 1053 686 1088 essi
708 1035 847 1089 basileam
898 1051 986 1127 neque
1007 1054 1087 1092 eausa
1117 1035 1231 1098 latebat
1260 1038 1388 1093 nimirum
1415 1038 1509 1092 eaden
1536 1038 1573 1091 ob
1600 1055 1684 1110 qun
1713 1036 1797 1089 toties
1822 1045 1845 1088 ct

552 1129 615 1174 ante
636 1117 766 1174 basileam
795 1120 872 1173 invisi
902 1121 979 1191 prius
1008 1139 1089 1194 quarn
1119 1122 1187 1177 istos
1215 1123 1314 1177 heroes
1338 1124 1476 1177 timerent:
1509 1139 1638 1177 exmsnn
1661 1122 1752 1175 luent
1774 1120 1846 1191 prins

552 1204 677 1259 volumen
700 1203 765 1258 Nori
790 1207 958 1264 testamenti,
989 1215 1151 1278 supererant
1173 1208 1380 1266 annotationes:
1415 1208 1458 1261 his
1484 1207 1580 1260 adesse
1605 1206 1765 1278 cupiebam.
1795 1214 1863 1255 ¹0¹³

552 1287 640 1343 solum
663 1296 693 1342 ut
715 1289 820 1342 exirent
842 1289 1055 1350 emendatiores.
1089 1292 1286 1347 verumetiam
1315 1300 1345 1345 ut
1370 1291 1501 1363 paulatim
1524 1309 1575 1363 pro
1597 1308 1627 1344 re
1649 1300 1714 1343 nata
1737 1287 1779 1342 rel
1803 1288 1848 1340 ini·

551 1383 684 1429 innurem
705 1373 807 1445 aliquid
830 1371 870 1427 vel
893 1373 1034 1435 aslderem;
1071 1392 1133 1429 nam
1159 1376 1188 1429 in
1217 1376 1269 1432 hoc
1295 1377 1390 1448 scripti
1422 1393 1524 1448 gwere
1551 1376 1621 1430 redit
1649 1374 1742 1428 autori
1774 1371 1849 1423 labor

551 1468 628 1512 actus
650 1459 677 1512 in
700 1456 794 1512 orbem
815 1458 858 1511 cui
882 1475 1019 1531 nunquam
1041 1459 1164 1514 exhausti
1188 1461 1255 1513 satis
1278 1470 1334 1515 est:
1362 1460 1504 1533 cupiebam
1525 1470 1616 1513 antem
1638 1460 1688 1512 bac
1711 1457 1848 1512 alitione.

551 1561 612 1616 qirre
635 1542 715 1596 tertia
738 1551 810 1602 erat.
833 1552 972 1634 postrema
992 1543 1115 1615 defungi.
1154 1546 1194 1597 Αιι
1217 1545 1274 1599 haec
1297 1545 1363 1598 teris
1385 1563 1465 1600 causa
1482 1545 1604 1599 ridetm?
1631 1542 1761 1596 l'ideatnr
1776 1556 1849 1596 sane.

551 1629 597 1681 sed
621 1628 681 1681 istis
704 1626 842 1681 leontinus
865 1627 911 1699 qni
935 1638 1023 1682 tamen
1048 1627 1083 1683 ob
1105 1629 1258 1683 comitium
1280 1630 1424 1702 opiparum
1454 1646 1510 1685 non
1532 1628 1687 1682 dubitarent
1711 1625 1753 1681 rel
1776 1624 1879 1677 buit·

551 1712 619 1766 leam
643 1728 729 1783 usque
752 1711 866 1783 polibus
888 1712 1027 1766 adnotare:
1057 1712 1122 1767 milii
1145 1722 1219 1768 certe
1241 1732 1272 1767 ea
1294 1732 1374 1768 causa
1398 1731 1452 1769 non
1476 1715 1564 1768 minus
1585 1713 1661 1767 cordi
1684 1719 1745 1765 erat
1768 1726 1849 1781 quan

495 1807 539 1855 §a
552 1797 610 1868 rigi
633 1794 771 1851 Gallorum
792 1796 861 1849 ilitio
883 1795 1099 1851 lintiolauensis
1144 1798 1198 1853 lam
1220 1799 1251 1852 ad
1275 1799 1329 1852 iter
1349 1816 1423 1853 cram
1445 1799 1595 1856 accinctus.
1629 1814 1679 1851 nec
1702 1796 1849 1867 quicquam

551 1880 676 1935 iibstaliat
699 1881 749 1935 nisi
773 1881 876 1934 viarum
897 1881 1065 1943 discrimina;
1100 1882 1294 1954 expectabatur
1316 1883 1402 1954 igitur
1424 1891 1499 1937 tutus
1519 1890 1696 1937 commeatus.
1742 1881 1848 1933 interra

549 1965 662 2020 dirersis
684 1963 752 2019 locis
773 1963 955 2036 colligebatur
976 1966 1103 2038 pecunia.
1127 1984 1179 2039 qna
1203 1967 1289 2038 gratia
1312 1976 1340 2021 et
1363 1967 1472 2021 lovanii
1495 1985 1541 2022 sex
1563 1966 1622 2021 «lies
1644 1983 1705 2019 suin
1726 1979 1850 2018 commo·

550 2058 641 2110 ratus.
665 2049 791 2104 nimirum
814 2058 842 2103 et
864 2048 918 2104 illie
942 2049 1062 2111 latitans,
1086 2051 1313 2123 quemadmodum
1334 2051 1426 2111 soleo.
1450 2053 1477 2106 in
1499 2051 1665 2108 diversorio.
1688 2066 1746 2121 quo
1768 2062 1882 2101 nemora

552 2154 581 2189 se
602 2134 710 2189 confort
732 2134 888 2226 hospitum.
922 2135 988 2189 adeo
1012 2144 1041 2190 ut
1064 2135 1223 2207 frequenter
1249 2152 1304 2190 non
1326 2137 1363 2191 sit
1385 2136 1474 2192 locus:
1513 2134 1718 2209 pandoeheo·
1693 2130 1850 2186 simbolum

408 2283 412 2289 Ι
483 2227 541 2278 9.,ιιι
552 2227 593 2273 est
623 2219 712 2290 imago
740 2217 789 2272 viri
818 2217 968 2310 sylicstris.
1019 2219 1101 2274 lortc
1135 2220 1245 2276 lortuna
1279 2229 1336 2276 tuin
1366 2218 1458 2275 aderat
1493 2220 1672 2275 llierontmus
1705 2216 1850 2271 Aleamler.

550 2305 659 2377 quicum
681 2303 800 2357 suaviter
821 2302 946 2364 visimus,
970 2320 1166 2376 nonnunquam
1189 2316 1216 2360 et
1239 2305 1266 2358 in
1289 2306 1402 2360 mediam
1426 2322 1513 2377 usque
1535 2313 1642 2359 noctem
1664 2302 1850 2375 producentes

550 2388 671 2443 literatos
700 2385 819 2442 fabulas:
857 2396 1021 2442 convenerat
1055 2388 1128 2442 inter
1163 2407 1226 2447 nos
1262 2398 1291 2444 ut
1320 2391 1342 2443 si
1371 2391 1544 2460 contingeret
1573 2397 1660 2443 tutum
1689 2387 1758 2445 iter.
1795 2402 1847 2438 una

548 2473 762 2528 discederemus:
790 2470 886 2525 eodem
909 2488 1034 2526 reversus
1055 2472 1162 2545 aliquot
1184 2482 1248 2546 post
1269 2474 1365 2528 diebus
1387 2474 1468 2529 etiam
1490 2483 1547 2529 tum
1565 2472 1664 2527 oneum
1680 2470 1883 2526 tlcamlrumee

551 2556 707 2612 molientem
736 2553 853 2615 abitum.
886 2556 1113 2627 quernailmoilnm
1141 2557 1281 2614 moliebar.
1332 2557 1464 2613 bruxellae
1496 2558 1641 2612 didiceram
1673 2555 1848 2610 franciscum

550 2641 695 2713 Syclimum
722 2639 816 2694 ducem
845 2640 977 2712 postridie
1005 2641 1084 2695 lenae
1113 2641 1249 2702 futurum.
1283 2645 1326 2698 cui
1356 2654 1412 2698 tum
1441 2641 1554 2715 pulchre
1581 2639 1760 2697 conveniebat
1785 2656 1848 2692 cuin

482 2725 669 2786 §.tremuere
697 2723 834 2794 quomodo
856 2739 927 2778 nunc
949 2725 1091 2779 conveniat
1113 2726 1214 2782 nescio.
1257 2726 1281 2781 ls
1303 2728 1361 2782 dies
1383 2736 1441 2782 crat
1463 2726 1561 2781 natalis
1582 2734 1611 2780 ct
1632 2743 1709 2779 meus
1730 2733 1759 2778 et
1781 2741 1848 2795 apo·

550 2808 685 2864 stolorum
707 2807 824 2862 Simonis
847 2815 874 2860 ct
896 2806 980 2863 ludae:
1010 2825 1064 2881 quo
1080 2810 1189 2881 quidem
1204 2811 1248 2865 ilie
1263 2813 1360 2866 accidit
1383 2812 1508 2884 quiddam
1531 2810 1615 2865 natali
1638 2826 1699 2864 meo
1723 2809 1847 2881 dignum.

549 2894 601 2948 lioc
622 2900 665 2948 est
687 2890 783 2946 latale:
816 2891 986 2947 llominicalis
1009 2893 1145 2965 quispiam
1168 2894 1228 2956 ille,
1253 2904 1282 2951 ut
1305 2897 1417 2969 opinor.
1449 2897 1584 2968 interpres
1606 2894 1712 2953 lloriae,
1735 2893 1881 2966 concio-as

549 2985 629 3033 natus
657 2977 746 3032 luerat
774 2976 800 3030 in
830 2976 931 3050 templo
959 2976 1011 3031 diri
1035 2978 1107 3032 Petri
1130 2978 1197 3034 liora
1221 2980 1350 3052 septima,
1385 2981 1467 3036 homo
1489 2980 1627 3035 conlidens
1649 2996 1679 3032 ac
1702 2977 1754 3032 sibi
1778 2977 1847 3031 mire

549 3062 672 3136 placens:
699 3060 891 3118 Phormionem
907 3061 1059 3134 quempiam
1081 3063 1197 3120 dixisses
1220 3083 1235 3119 e
1257 3066 1403 3120 comedia:
1433 3064 1573 3119 videbatur
1594 3080 1650 3118 non
1673 3081 1689 3117 e
1711 3070 1846 3134 suggestu

549 3166 642 3209 sacro,
664 3146 712 3202 scd
735 3162 849 3219 prorsus
871 3164 885 3200 e
909 3145 1032 3220 plaustro
1056 3146 1146 3220 loqui;
1181 3157 1266 3204 totam
1290 3150 1375 3206 ferme
1397 3149 1492 3205 horam
1506 3148 1687 3204 debacchatus
1703 3148 1729 3201 in
1746 3162 1844 3200 nomen

549 3232 665 3293 Erasmi.
688 3230 802 3286 subinde
826 3231 940 3305 iungens
963 3249 1061 3286 nomen
1077 3232 1203 3292 liutheri.
1227 3233 1352 3289 videlicet
1374 3242 1405 3288 ut
1427 3233 1546 3308 populus
1568 3233 1757 3305 suspicaretur
1779 3230 1843 3285 miln

547 3336 608 3374 cum
631 3316 679 3372 illo
702 3315 816 3374 multum
839 3334 899 3372 esse
921 3317 1041 3388 negocii:
1073 3317 1120 3372 scd
1142 3318 1279 3392 praecipue
1305 3319 1524 3373 destomacliatus
1552 3327 1608 3379 est,
1638 3316 1711 3390 quod
1741 3316 1878 3370 «liceretne

550 3422 591 3459 me
608 3403 752 3475 Augustini
776 3418 885 3474 quoque
908 3400 994 3457 libros
1017 3400 1086 3457 velle
1108 3403 1264 3475 corrigere,
1289 3403 1315 3457 in
1339 3402 1439 3476 quibus
1461 3401 1528 3457 nihil
1551 3400 1747 3472 intelligerem
1781 3417 1845 3472 pro·

550 3480 622 3545 misit
645 3505 706 3544 sese
727 3486 866 3560 copiosius
888 3487 979 3542 cadem
1002 3487 1035 3541 de
1058 3504 1086 3541 re
1109 3488 1333 3543 concionaturum
1355 3506 1370 3542 a
1392 3488 1520 3560 prandio,
1551 3496 1608 3541 tum
1630 3485 1702 3540 enim
1725 3484 1844 3540 iucundi

481 3577 537 3628 §.tn
548 3573 644 3628 calices
661 3572 761 3628 iaciunt
778 3572 846 3627 istos
861 3571 1029 3626 disertiores.
1068 3571 1167 3627 llarum
1184 3589 1275 3627 rerum
1291 3572 1403 3645 ignarus
1419 3589 1502 3645 quum
1519 3572 1651 3626 venissem
1667 3570 1695 3624 in
1712 3568 1844 3642 templum

548 3659 690 3713 adfuturus
718 3672 823 3711 summo
851 3673 943 3716 sacro,
972 3655 1099 3710 salutavit
1122 3673 1164 3710 me
1187 3656 1307 3711 blaketus
1335 3656 1417 3712 homo
1445 3658 1531 3712 comis
1553 3664 1581 3710 et
1603 3655 1677 3709 illius
1699 3654 1844 3709 scatente

549 3751 623 3796 vetus
646 3740 784 3800 alumnum
819 3748 898 3811 roget
920 3740 984 3811 quid
999 3740 1141 3796 accidisset
1164 3741 1236 3812 quod
1260 3748 1313 3796 tam
1337 3759 1414 3797 mane
1437 3742 1548 3797 luisscm
1572 3741 1599 3794 iu
1623 3738 1739 3811 templo,
1764 3737 1883 3792 utini-e·

548 3843 606 3880 rum
634 3825 703 3880 liora
726 3823 853 3895 septima.
882 3823 963 3896 idque
986 3832 1211 3896 praetermorem
1235 3843 1331 3881 mcum.
1378 3826 1436 3893 ‘Qui
1459 3825 1545 3881 mane'
1569 3826 1694 3897 inquam?
1732 3824 1842 3880 hileras.

547 3908 650 3980 inquit,
680 3909 706 3962 in
734 3907 874 3962 concione.
917 3908 972 3962 ltisi
1002 3916 1028 3962 et
1057 3907 1192 3969 intellexi,
1222 3910 1295 3981 quod
1323 3910 1387 3965 mihi
1416 3928 1515 3966 novum
1543 3927 1597 3965 non
1629 3917 1687 3964 crat
1721 3907 1843 3962 rabulam

548 3992 701 4065 quempiam
729 3991 800 4063 apud
828 3990 958 4063 populum
988 3989 1144 4047 blaterasse.
1189 3992 1252 4047 Erat
1274 4002 1363 4049 autem
1387 3996 1409 4049 is
1432 3994 1595 4067 theologicae
1624 3993 1723 4047 laureae
1751 3993 1843 4047 candi·

548 4077 647 4137 datus.
676 4083 704 4130 et
731 4074 780 4129 hac
808 4074 913 4129 ratione
941 4075 1079 4148 praebebat
1108 4076 1149 4130 sni
1180 4077 1315 4149 specimen
1345 4096 1374 4134 so
1402 4096 1456 4135 non
1483 4080 1603 4134 futurum
1627 4078 1678 4133 boc
1700 4077 1842 4148 indignum

479 4161 662 4225 §.inhonore
709 4159 797 4215 lledco
825 4160 933 4214 ‹lomurn
961 4167 1070 4233 snnipto
1097 4160 1240 4233 prandiolo
1268 4179 1468 4219 conscensurus
1490 4179 1590 4236 equos:
1624 4179 1685 4217 nam
1708 4163 1776 4216 liora
1799 4172 1874 4214 sero

547 4246 634 4301 cunda
661 4246 830 4301 decreveram
861 4242 949 4299 nliirc:
989 4244 1097 4300 ollonilo
1126 4245 1288 4301 Aleamlrnm
1318 4247 1541 4308 inambulantem.
1575 4247 1618 4302 cui
1647 4263 1719 4320 saepe
1748 4263 1842 4299 narra·

547 4350 603 4387 ram
632 4330 715 4387 multa
744 4329 777 4384 de
805 4329 978 4384 blateronum
1007 4329 1139 4385 eiusmodi
1164 4331 1343 4404 impudentia,
1373 4333 1420 4387 scil
1444 4331 1489 4387 ille
1512 4349 1566 4387 non
1589 4339 1699 4405 poterat
1721 4347 1840 4403 unquam

546 4417 665 4473 iieilere
710 4413 823 4511 proinde
846 4413 926 4469 iulreo
950 4422 979 4469 ut
1002 4414 1024 4468 si
1048 4413 1108 4469 hilei
1131 4431 1197 4471 meae
1221 4415 1301 4471 vellet
1330 4417 1419 4472 lacere
1447 4416 1612 4488 pericnlum,
1640 4415 1763 4470 mitteret
1792 4413 1841 4468 ali·

547 4520 626 4576 onem
650 4502 745 4558 esuis
773 4500 806 4555 ad
829 4471 959 4573 templuin
981 4498 1183 4555 dominicalium
1206 4500 1272 4556 hora
1296 4502 1394 4575 prima:
1429 4518 1488 4556 nom
1511 4499 1566 4556 illic
1587 4507 1647 4555 crat
1668 4499 1840 4572 peragendus

545 4587 644 4643 veteris
671 4585 809 4643 concedite
837 4593 991 4659 postremus
1020 4593 1105 4641 aetus.
1151 4585 1234 4642 mittit
1256 4585 1303 4641 ille
1325 4604 1340 4641 e
1362 4585 1419 4642 suis
1442 4586 1595 4658 quempiam
1623 4584 1656 4639 ad
1684 4584 1839 4642 llucentam
1850 4594 1873 4633 is

941 4788 953 4817 9

615 4851 636 4886 ¹⁰
659 4847 822 4906 ertbahnnr
839 4869 892 4904 ιιιιιι
910 4856 999 4906 wildene
1018 4854 1109 4906 Maian.
1155 4853 1176 4887 ²¹
1194 4852 1275 4919 Ten]
1294 4854 1409 4920 Belgica
1433 4853 1540 4916 Treueri,
1561 4852 1670 4902 Gallice
1693 4852 1838 4902 Tirlemonl.

545 4934 567 4971 ¹³
591 4937 661 5002 dies]
689 4939 731 4988 ²8.
753 4940 866 4989 Octobr.
953 4938 975 4971 ²⁵
1001 4936 1150 5002 Dominio]
1178 4955 1232 4989 ιιοιι
1255 4939 1388 4988 Nicolnus
1412 4939 1607 5003 Egmondnnus
1635 4937 1840 4992 infensissimus

545 5025 674 5086 Erasmo,
694 5023 853 5076 Carmelita.
