4367 6084
510 693 584 764 418
620 707 920 758 CCCLXX11.cnasnr
936 722 997 757 nor.
1012 722 1048 757 sn
1062 722 1137 758 aaran.
1152 722 1400 758 nccancnraonmr
1414 726 1456 760 ce.
1472 725 1497 760 n.
1514 720 1546 761 to.
1560 727 1622 761 nnc.
1640 718 1702 758 tata.

529 912 663 948 nasicae.
1030 875 1292 951 CCCLXXH.
1603 906 1635 947 n.
1651 914 1715 946 nec.
1733 906 1796 945 rara.

1738 966 1808 973 ——

755 1052 907 1107 Euasttvs
930 1052 1004 1107 aot.
1027 1051 1177 1107 PHILIPPO
1200 1053 1455 1108 trutanuttrtton't
1485 1054 1512 1109 S.
1536 1054 1563 1109 ll.

597 1192 625 1245 Si
647 1189 691 1244 bic
714 1189 836 1247 adesses,
869 1187 903 1242 mi
928 1185 1066 1260 Philippo,
1099 1204 1129 1242 ac
1158 1205 1280 1262 praesens
1308 1197 1445 1263 spectares
1474 1189 1607 1252 fabulam,
1636 1199 1694 1246 tum
1724 1191 1813 1263 magis

511 1280 585 1333 dicas
608 1293 649 1330 me
673 1291 726 1328 raon
750 1274 807 1327 siue
830 1290 909 1327 carisa
934 1272 1010 1345 qraeri
1033 1271 1067 1326 dc
1089 1273 1212 1327 moribus
1235 1274 1418 1345 quorundam.
1442 1276 1488 1346 qui
1513 1275 1715 1331 tumultuantur
1731 1293 1813 1330 eran·

513 1362 577 1436 gelii
608 1358 698 1415 titulo:
732 1375 792 1412 arara
822 1358 894 1428 qriod
920 1357 944 1410 in
972 1356 1081 1411 mesic
1112 1358 1288 1430 promeritum
1318 1357 1411 1417 dictis.
1442 1357 1542 1413 libellis
1570 1378 1601 1415 ac
1624 1360 1743 1434 picturis
1766 1361 1832 1415 ‹te-³·

515 1447 691 1503 bacchantur,
726 1441 882 1515 aequissimo
912 1442 1010 1496 terrem
1040 1441 1130 1496 animo
1161 1443 1182 1496 si
1206 1442 1277 1514 qnml
1302 1460 1367 1497 niem
1390 1444 1467 1497 lania
1490 1444 1643 1499 detrahitur
1669 1444 1810 1500 accederet

513 1528 670 1601 evangelico
693 1526 843 1601 profectui:
867 1543 938 1580 annuc
960 1526 1058 1580 borum
1082 1527 1222 1582 temeritas
1245 1526 1329 1581 olbcit
1353 1527 1463 1600 optimis
1485 1528 1582 1583 studiis
1598 1537 1626 1584 et
1641 1529 1731 1602 perdit
1748 1546 1811 1583 can·

514 1634 569 1671 sain
593 1612 734 1683 evangelii.
772 1610 825 1665 Nec
846 1609 942 1664 dubito
966 1610 1030 1682 quin
1055 1610 1209 1665 huiusmodi
1226 1611 1362 1684 portentis
1379 1612 1536 1682 indignetur
1549 1613 1695 1669 botherus.
1729 1621 1811 1668 cate·

514 1718 574 1755 rum
597 1699 624 1753 hi
647 1697 759 1751 lmtberi
783 1695 957 1750 autoritatum
981 1694 1092 1749 fortiter
1114 1694 1259 1767 negligunt
1282 1697 1390 1769 quoties
1418 1696 1524 1751 videtur
1552 1699 1732 1754 commodum.
1780 1697 1809 1751 Et

515 1786 543 1839 ht
567 1783 658 1839 nescio
681 1780 818 1854 quomodo
842 1779 1000 1851 inutraque
1017 1771 1110 1852 partc':
1135 1797 1214 1835 uerno
1234 1781 1342 1852 gravius
1358 1779 1428 1836 laesit
1443 1798 1549 1837 causam
1567 1781 1704 1855 pontificis
1725 1799 1805 1855 quarn
1819 1792 1840 1829 ¹⁴¹

515 1869 561 1942 qui
579 1867 726 1922 fortissime
741 1863 960 1937 digladiabantur
977 1880 1027 1936 pro
1050 1863 1194 1936 panuliae:
1218 1864 1285 1919 nulli
1309 1865 1395 1937 iringis
1418 1865 1569 1922 olleccrunt
1584 1867 1705 1922 bothero
1728 1884 1807 1938 quam

516 1955 561 2027 qui
585 1953 757 2007 vehementer
779 1949 862 2003 videri
885 1947 980 2003 volunt
1001 1948 1157 2002 Lutborani.
1202 1950 1263 2005 Scio
1287 1958 1404 2021 quarrtns
1427 1950 1463 2004 sit
1485 1951 1583 2005 artilex
1599 1950 1738 2011 Christus,
1763 1951 1807 2022 qni

516 2038 591 2093 norit
613 2037 746 2091 lrrrruauos
770 2033 902 2088 tumultus
926 2032 951 2086 iu
976 2050 1053 2087 sunm
1077 2050 1244 2106 suorumque
1268 2033 1368 2089 bouum
1388 2042 1509 2096 scateam
1532 2053 1620 2108 euque
1636 2034 1733 2090 lubens
1748 2034 1808 2089 ahs·

516 2123 657 2178 tinuissem
681 2120 714 2175 ab
736 2120 786 2174 hac
809 2117 955 2191 tragoedia.
979 2117 1001 2171 si
1025 2115 1162 2173 licuisset:
1190 2118 1316 2191 equidem
1339 2128 1369 2174 ut
1390 2118 1524 2174 tumultus
1547 2129 1628 2175 autor
1649 2137 1712 2175 esse
1734 2118 1807 2178 nolo.

516 2209 553 2263 ita
576 2215 707 2279 quantuni
731 2203 852 2259 invitabit
875 2201 1032 2276 proficiendi
1056 2219 1133 2274 spes.
1163 2219 1217 2257 non
1247 2203 1392 2259 delaturus
1420 2221 1479 2259 sum
1502 2204 1659 2276 evangelico
1682 2204 1805 2275 negocio.
1818 2216 1838 2252 rt·

516 2292 585 2359 Qun
608 2291 727 2345 Lnthero
750 2306 816 2344 suus
837 2288 921 2342 dictet
944 2286 1072 2359 spiritns,
1103 2287 1161 2359 ipse
1189 2287 1293 2343 viderit.
1339 2288 1375 2343 Te
1402 2305 1458 2343 nou
1486 2306 1546 2343 sum
1568 2289 1743 2344 vehementer
1764 2288 1808 2343 ad·

518 2376 643 2432 hortatus
665 2375 697 2430 ad
720 2372 899 2447 palinodiam.
934 2369 975 2425 rel
999 2369 1034 2425 ob
1057 2371 1081 2425 id
1106 2372 1179 2443 quod
1202 2371 1299 2427 scirem
1321 2390 1362 2427 me
1385 2372 1437 2428 boc
1461 2383 1552 2447 operae
1582 2373 1720 2428 lusorum:
1754 2389 1807 2427 non

517 2479 577 2516 sum
600 2459 678 2514 indes
701 2457 796 2513 alienae
817 2455 992 2511 couscientia
1015 2472 1064 2510 nec
1086 2456 1214 2511 dontinus
1241 2455 1337 2513 alienae
1365 2457 1440 2512 bdei:
1472 2465 1547 2514 certe
1576 2457 1704 2531 optabam
1733 2466 1807 2512 tuum

518 2546 669 2617 ingenium.
692 2552 724 2597 ut
746 2549 788 2596 est
811 2549 904 2596 natum
927 2539 1005 2594 bonis
1029 2539 1128 2601 literis,
1152 2541 1190 2596 ita
1213 2541 1308 2597 iisdem
1331 2551 1465 2615 perpetuo
1488 2543 1571 2599 luisse
1594 2542 1722 2598 dicatum.
1754 2557 1807 2596 non

517 2630 669 2685 delmssent
697 2635 804 2682 actores
832 2624 876 2680 isti
900 2625 1055 2695 tragediae,
1083 2641 1144 2697 quae
1168 2642 1222 2698 qno
1244 2643 1339 2681 casura
1369 2628 1405 2682 sit
1428 2627 1560 2682 incertum
1582 2635 1633 2682 est.
1679 2627 1756 2681 atsn
1778 2633 1837 2679 uta

518 2712 678 2785 evangelicae
700 2709 831 2765 doctrinae
854 2725 1041 2770 succenseam,
1072 2709 1118 2763 sed
1148 2709 1175 2764 in
1203 2710 1326 2765 doctrina
1350 2710 1461 2767 botheri
1489 2711 1574 2766 multa
1603 2729 1646 2766 me
1669 2711 1808 2765 ollendnnt

520 2835 1146 2852 ...........................
1177 2794 1210 2849 lle
1233 2793 1333 2867 ‚Sylrio
1362 2794 1464 2851 multos
1492 2797 1535 2851 hic
1574 2812 1677 2851 mecum
1713 2792 1809 2850 fefellit

518 2882 648 2956 suspicio.
691 2878 807 2935 Alberus
836 2877 881 2933 ille
908 2895 1007 2933 censor
1035 2877 1136 2932 Erasmi
1168 2878 1247 2933 isthic
1275 2879 1337 2951 agit.
1364 2879 1419 2935 ludi
1448 2879 1562 2935 literarii
1591 2881 1752 2952 niagistrnm
1785 2878 1808 2932 iu

519 2966 619 3041 oppido
642 2964 737 3020 Siriacli
761 2963 868 3038 opinor.
913 2961 1147 3036 Oecolampadimn
1171 2980 1224 3018 nou
1247 2980 1397 3019 annumero
1420 2954 1557 3046 portentis
1579 2963 1648 3026 illis,
1678 2982 1728 3020 nec
1751 2963 1809 3017 buic

518 3050 635 3111 similes,
663 3049 767 3104 etiamsi
797 3046 929 3122 permulta
953 3055 1016 3101 snm
1040 3064 1101 3119 quaa
1123 3047 1221 3102 merito
1244 3048 1277 3102 de
1300 3048 1342 3103 his
1371 3049 1447 3121 queri
1477 3049 1588 3122 possim,
1612 3061 1839 3103 ......»...”

519 3136 603 3191 Video
627 3145 653 3191 te
676 3133 823 3189 sollicitum
847 3141 876 3187 nt
899 3131 964 3186 mihi
987 3132 1125 3186 rrioderate
1146 3132 1311 3204 respondeat
1333 3132 1483 3188 lutherus:
1513 3135 1595 3189 lanino
1618 3141 1713 3207 patere
1737 3131 1809 3186 illurn

519 3239 569 3277 suo
590 3219 756 3294 respomlere
779 3235 863 3273 nime.
907 3215 984 3283 Qirerd
1006 3233 1059 3287 epo
1082 3216 1221 3271 rriodcratc
1249 3233 1305 3271 rem
1334 3217 1426 3289 gessi,
1460 3235 1549 3291 neque
1581 3227 1683 3291 praeter
1708 3233 1808 3273 morem
1858 3264 1864 3277 ,

519 3324 606 3362 memo
631 3322 719 3377 ireque
742 3304 800 3358 siue
822 3310 898 3357 certo
921 3300 1036 3356 consilio
1059 3301 1117 3355 leci.
1157 3299 1202 3356 ille
1225 3302 1247 3355 si
1271 3301 1314 3358 bic
1336 3301 1452 3357 multum
1480 3304 1521 3358 sni
1549 3301 1690 3357 dissimilis
1721 3300 1809 3358 luerit.

468 3409 474 3421 ·
518 3390 672 3447 clamabunt
695 3388 870 3462 sycophanta
892 3384 1032 3441 colludere
1054 3403 1121 3446 nos.
1147 3402 1203 3440 rem
1227 3386 1364 3441 internos
1380 3404 1411 3441 ex
1427 3389 1580 3461 composito
1596 3387 1670 3459 geri:
1695 3385 1808 3459 proinde

520 3475 590 3532 inalo
615 3474 690 3530 illum
714 3474 816 3528 servire
838 3488 926 3526 causae
950 3487 1030 3542 quam
1053 3470 1117 3524 urihi
1122 3511 1676 3525 ........................
1701 3470 1749 3525 tldi
1768 3484 1809 3523 se·
1797 3481 1840 3519 ·³⁰

518 3561 649 3616 ditionem
672 3566 698 3612 et
722 3576 735 3612 a
759 3557 861 3612 sevitia
885 3571 993 3627 semper
1014 3561 1042 3609 et
1064 3562 1224 3610 constanter
1244 3554 1405 3610 dehortatus
1428 3574 1487 3611 sum
1510 3556 1666 3647 principes.
1688 3554 1715 3609 Si
1732 3553 1811 3608 salvis

518 3645 675 3700 hominihus
698 3659 792 3714 [paream
816 3638 940 3713 iugulare
963 3639 1042 3698 vitia,
1065 3638 1170 3693 videres
1194 3648 1334 3723 quantus
1326 3640 1376 3694 sim
1393 3640 1502 3695 lutrarus
1516 3640 1635 3695 carnifex
1650 3624 1695 3709 ἆφ
1691 3626 1812 3703 ἑστίας

517 3717 690 3803 ἀρξάμενος.
728 3726 763 3780 lle
785 3725 836 3779 lide
859 3734 904 3780 tua
925 3723 993 3778 nihil
1008 3722 1151 3783 addubito.
1176 3724 1281 3778 tametsi
1298 3703 1349 3779 ialu
1366 3725 1447 3781 toties
1462 3725 1593 3798 deceptus
1607 3724 1641 3779 ab
1656 3723 1699 3778 bis
1715 3722 1812 3812 quibus

519 3814 559 3867 tel
582 3814 674 3868 decem
696 3811 764 3865 ritas
792 3826 864 3863 eram
887 3808 1050 3863 crediturus
1095 3807 1141 3862 sed
1164 3808 1292 3881 quicquid
1314 3809 1456 3871 scribitur,
1488 3809 1528 3864 vel
1557 3795 1811 3883 γραμματηφόρων

519 3897 629 3971 pertidia
652 3893 691 3950 rel
714 3893 768 3948 alio
784 3893 911 3984 quopiam
926 3909 990 3947 raso
1007 3893 1160 3964 pir-:oleum
1184 3893 1206 3946 si
1222 3892 1343 3965 colloqui
1359 3892 1495 3954 licuisset
1518 3893 1596 3966 plura
1612 3893 1767 3948 etlndissem
1785 3892 1842 3944 ina

519 3982 607 4035 sinum
631 3987 713 4033 tninn
750 3976 814 4033 illud
839 3976 917 4031 unice
939 3976 1035 4048 cupio.
1059 3986 1088 4031 ut
1111 3977 1181 4049 apud
1204 3994 1251 4032 vos
1267 3976 1395 4050 religiose
1409 3987 1436 4034 et
1450 3977 1558 4034 colatur
1573 3986 1600 4034 et
1615 3986 1722 4033 ametur
1736 3993 1812 4032 eran·

519 4064 637 4136 gelidum
666 4063 699 4117 dc
722 4078 762 4116 nie
786 4078 841 4116 uon
862 4059 1004 4115 admodum
1030 4058 1158 4116 laborabo
1183 4103 1472 4116 .............
1496 4061 1606 4117 basileae
1629 4069 1729 4135 ‹puarto
1753 4060 1812 4116 ldns

519 4148 654 4203 llccembr.
693 4149 769 4201 Αιιιιο
792 4145 825 4199 ll.
834 4146 860 4198 ll.
872 4143 968 4198 llllllll.
1035 4145 1137 4201 Vereor
1158 4154 1189 4201 ut
1211 4145 1285 4217 legas
1308 4146 1356 4201 has
1379 4147 1591 4221 externporarias
1614 4145 1732 4201 notulas.

519 4293 1366 4358 ccenxxu.1...a.=nrasminpp.t1n‹t.biot.n.53,e...s.j
1405 4294 1429 4358 l)
1444 4313 1469 4361 p.
1483 4293 1623 4344 roo...u32.
1660 4291 1811 4358 atpoor...

518 4380 576 4430 630.
646 4379 672 4443 3)
692 4375 1007 4444 p.817...821.x1x.3.
1062 4377 1087 4439 4)
1107 4375 1169 4425 coll.
1187 4375 1246 4427 830.
1260 4394 1319 4443 sqq.
1340 4394 1367 4427 u.
1382 4394 1492 4430 occxrn.
1547 4377 1812 4443 5=Corp.llelor-

692 4470 757 4513 mot.
772 4464 815 4513 ed.
829 4462 973 4513 Bretschn.
993 4463 1014 4510 Ι.
1034 4478 1059 4526 p.
1073 4460 1212 4511 688...ooa.
1232 4462 1275 4510 ΝΟ.
1289 4461 1347 4511 302.
1368 4459 1411 4526 [ex
1429 4478 1456 4512 n.
1473 4462 1497 4511 3.
1517 4458 1638 4527 repetit]

585 4600 607 4631 ²²
626 4597 711 4664 style]
731 4601 868 4665 Aegrono.
922 4596 943 4629 ²⁴
962 4595 1072 4662 Sinach]
1096 4601 1133 4647 sic
1150 4614 1242 4647 omnes.
1262 4597 1373 4647 Atherns
1390 4616 1421 4648 en
1439 4606 1552 4663 tempore
1576 4600 1601 4646 in
1619 4597 1715 4661 oppido
1734 4583 1813 4645 Ursel

519 4703 567 4733 narn
586 4687 623 4734 ita
639 4688 730 4748 procul
747 4701 763 4731 a
782 4684 955 4746 l'rancosnrto
974 4684 1009 4731 (nl
1027 4683 1065 4731 M.
1083 4698 1178 4745 pueros
1196 4683 1334 4731 instituisse
1357 4685 1465 4732 videtur.
1535 4681 1558 4714 ²⁶
1577 4679 1716 4746 respond]
1743 4696 1812 4730 com·

518 4771 654 4818 meritorio
672 4769 705 4816 de
724 4768 812 4816 libero
831 4768 955 4816 arbitrio.
1024 4765 1043 4798 ³¹
1064 4763 1215 4831 principes]
1234 4767 1319 4815 Ellam
1333 4768 1470 4816 Galliarum
1488 4769 1590 4829 repent?
1653 4763 1676 4796 ³²
1695 4769 1812 4828 quantus

571 4855 696 4901 carnifex
714 4854 783 4901 eruin
798 4856 823 4899 5.
848 4851 890 4901 Cf.
904 4852 1006 4901 Zeuoh.
1021 4852 1042 4900 1.
1056 4850 1099 4899 40.
1123 4851 1216 4900 Vostoe
1235 4853 1264 4899 in
1282 4852 1371 4900 saeris
1390 4852 1519 4916 primitiae
1538 4850 1651 4898 fiebant.
1713 4847 1735 4878 ³⁴
1754 4844 1808 4912 po]

518 4951 657 4984 cursorum
677 4935 810 4999 epistolas
830 4936 986 4984 terentium.
1033 4934 1055 4966 ³⁷
1074 4935 1188 4984 Besilea
1210 4933 1247 4984 10.
1267 4935 1444 4997 Decembris,
1465 4937 1546 4985 Anno*
1564 4933 1636 4982 1524.
1659 4935 1684 4981 4.

1005 5083 1301 5100 *-
