4367 6084
524 731 598 803 410
618 746 897 800 CCCLXIV.unas11
911 762 947 798 sn
957 764 1077 799 aranea.
1085 765 1128 799 sc.
1142 749 1405 801 CCCLXV.eeasrir
1415 766 1452 801 an
1463 765 1629 801 sansoniae.
1639 751 1749 800 n.?1vs.
1760 758 1817 801 tart.

524 924 595 980 mine
617 923 649 978 ad
672 922 815 979 vexandam
838 940 958 978 uxorem.
1004 923 1047 978 Sic
1070 932 1233 996 provocatus
1255 923 1288 978 ab
1310 941 1357 986 eo,
1380 925 1413 980 de
1437 942 1491 997 quo
1515 927 1554 980 sic
1577 924 1690 979 meritus
1706 924 1817 986 luerem,

524 1025 614 1064 nenne
643 1024 703 1063 mco
734 1007 792 1062 iure
820 1016 943 1081 poteram
973 1007 999 1062 in
1030 1007 1073 1063 his
1101 1026 1162 1063 esse
1185 1009 1322 1064 disertus?
1350 1016 1377 1063 et
1408 1017 1497 1064 tamea
1526 1026 1610 1064 recor
1632 1009 1815 1064 immodestus.

524 1093 593 1160 Quid
616 1093 729 1148 Ottbeni
751 1109 813 1148 cum
835 1092 972 1147 llutteno?
1003 1091 1035 1146 lit
1058 1092 1080 1146 is
1104 1109 1242 1166 uunquam
1264 1092 1345 1148 laesus
1368 1093 1450 1149 verbe
1471 1111 1487 1149 a
1509 1111 1551 1149 me
1574 1094 1712 1167 quomodo
1734 1094 1816 1149 iurit‘?

524 1178 578 1232 llos
603 1186 691 1234 tamen
714 1195 792 1233 vocas
816 1177 867 1232 mei
890 1175 1006 1231 similes:
1030 1194 1082 1249 ego
1106 1194 1155 1232 nee
1170 1177 1295 1232 homines
1309 1178 1393 1239 duco.
1417 1178 1464 1233 scd
1480 1178 1579 1239 furias,
1602 1187 1709 1233 tautum
1731 1177 1814 1239 abest.

525 1271 554 1317 ut
577 1263 628 1318 mei
652 1262 755 1317 similes
778 1279 937 1334 agnoscam:
961 1278 1011 1335 per
1033 1261 1188 1316 huiusmodi
1211 1269 1339 1335 portenta
1363 1262 1558 1319 instaurabitur
1580 1262 1750 1335 evangelium
1766 1263 1834 1317 sci-⁵

523 1346 603 1401 licet?
626 1347 675 1402 bas
698 1346 778 1401 babet
800 1345 940 1402 columnas
964 1362 1108 1401 renascens
1131 1345 1262 1402 ecclesia?
1291 1346 1318 1402 iu
1341 1346 1439 1402 borum
1462 1347 1550 1403 imdus
1572 1365 1615 1402 mc
1638 1347 1814 1403 admisceam?

526 1432 571 1486 scd
596 1432 638 1486 bis
661 1432 694 1486 de
717 1431 798 1486 rebus
821 1429 883 1504 plus
907 1430 982 1484 saris:
1027 1429 1177 1485 leacbimus
1200 1429 1359 1504 perplacuit.
1405 1431 1549 1487 molestum
1571 1440 1644 1492 erat,
1668 1432 1741 1506 quod
1765 1431 1814 1486 tte-

524 1515 696 1571 lancldbonis
720 1533 773 1570 non
797 1515 833 1569 sit
854 1516 916 1570 data
938 1514 1025 1588 copia.
1069 1514 1198 1570 Dominus
1221 1514 1295 1570 lesus
1316 1516 1417 1588 dirigat
1439 1522 1555 1571 mentem
1573 1524 1647 1571 tuam
1663 1516 1690 1570 in
1706 1534 1736 1571 ea
1752 1533 1814 1571 con·

523 1600 582 1654 sitia
606 1619 666 1674 quae
688 1608 752 1655 sunt
775 1600 860 1674 ipsius
882 1598 1022 1673 evaugelio
1051 1599 1141 1672 digna.
1186 1599 1310 1662 basileae,
1340 1618 1371 1656 cx
1401 1607 1539 1675 tempore,
1568 1600 1703 1676 postridie
1725 1600 1812 1656 Nonas

523 1685 603 1741 araas
628 1691 702 1744 rara.
1822 1678 1841 1717 ¹⁰

963 1814 1359 1837 m—

540 2019 675 2053 aasrarar.
1059 1984 1679 2063 CCCLXV.(u.=vs10)
1699 2017 1724 2052 a,
1741 2012 1796 2050 isra.
1846 2037 1854 2048 .

755 2159 906 2216 Euasttt‘s
929 2159 1171 2216 deturbandis
1193 2161 1333 2217 GASPde
1357 2160 1486 2216 liElllthl
1509 2162 1535 2215 S.
1551 2161 1601 2269 ll.0

605 2298 705 2353 Precor
734 2303 763 2351 ut
792 2314 888 2352 navum
919 2296 1119 2352 matrimonium
1148 2297 1224 2352 robis
1252 2296 1286 2352 sit
1315 2295 1386 2351 lolia.
1432 2296 1554 2351 bliseram
1582 2296 1631 2351 tibi
1661 2295 1755 2351 literas
1782 2296 1810 2350 ad

521 2383 708 2455 magistratum
732 2381 847 2454 scriptas
872 2388 997 2452 turaquam
1021 2382 1107 2437 arnico
1130 2382 1173 2437 cui
1197 2381 1241 2436 uni
1260 2382 1378 2436 omnium
1395 2380 1506 2436 fidebam
1524 2388 1583 2436 loto
1599 2388 1726 2454 pectorc;
1749 2399 1811 2454 quo·

522 2468 592 2522 niam
615 2476 705 2522 autem
729 2464 852 2520 nolebam
877 2473 902 2519 te
926 2464 966 2519 rel
990 2465 1099 2521 minima
1122 2467 1219 2521 invidia
1242 2465 1362 2539 gravari,
1386 2465 1477 2520 mortui
1501 2475 1531 2520 ut
1553 2465 1575 2519 si
1598 2464 1694 2520 malles
1709 2476 1839 2539 preme-ta

521 2569 565 2607 res
589 2569 659 2613 rem,
683 2551 723 2605 sic
745 2558 775 2604 ul
798 2567 876 2604 nemo
900 2549 1073 2612 rescisceret,
1105 2550 1228 2606 videlicut
1252 2568 1306 2624 quo
1329 2550 1394 2605 mihi
1418 2558 1490 2604 essct
1513 2550 1651 2622 integrum
1674 2550 1738 2623 quid
1762 2549 1811 2604 rel·

520 2635 573 2690 leni
596 2643 730 2690 statuere:
754 2642 781 2688 at
805 2640 833 2688 tu
856 2650 904 2688 nec
927 2634 1035 2689 tacuisti
1059 2636 1131 2708 quod
1154 2635 1299 2708 agebatur,
1330 2652 1390 2690 uam
1414 2633 1547 2691 l'robeuio
1570 2641 1644 2689 certe
1667 2634 1812 2689 courmuni·

520 2719 601 2780 casti,
631 2727 658 2773 ct
681 2718 803 2773 Scottum
834 2725 879 2771 trra
909 2735 991 2790 npcra
1020 2719 1167 2776 sublevasti
1196 2737 1230 2776 ne
1252 2719 1329 2774 daret
1352 2737 1453 2793 prcms.
1498 2718 1555 2774 b'en
1578 2719 1636 2774 bmc
1657 2719 1719 2773 dico
1743 2718 1811 2791 quod

475 2842 479 2846 ·
520 2803 640 2859 ellcnsus
663 2802 728 2857 sim:
758 2802 814 2857 scio
838 2809 864 2857 te
894 2801 1022 2876 quicquid
1051 2803 1155 2866 iecisti,
1184 2821 1299 2877 syncera
1328 2804 1417 2858 auimo
1442 2803 1552 2863 iecisse.
1581 2810 1608 2858 et
1631 2802 1810 2873 evangelicam

521 2887 660 2942 lenitatem
684 2885 845 2960 amplector:
878 2904 969 2942 rerum
998 2888 1049 2943 ista
1073 2887 1170 2944 lenitas
1193 2888 1302 2944 iuterim
1327 2888 1352 2943 in
1375 2906 1418 2943 me
1439 2886 1586 2944 crudelitas
1609 2895 1660 2942 est.
1706 2904 1741 2942 an
1764 2887 1839 2941 tibin

519 2970 618 3027 lenitas
629 2971 755 3033 *videatur
770 2971 855 3044 siquis
871 2971 969 3028 sicario
985 2982 1031 3028 aut
1054 2971 1153 3028 latroni
1178 2973 1332 3034 subveniat,
1353 2975 1389 3027 'ue
1411 2972 1548 3046 capiatur.
1571 2980 1636 3045 post
1650 2972 1753 3027 maiore
1768 2989 1811 3026 au·

519 3056 594 3112 dacia
616 3055 709 3130 plures
733 3055 890 3112 occisurus?
913 3056 971 3112 Non
994 3065 1036 3112 est
1061 3059 1182 3129 neganda
1205 3058 1294 3118 venia.
1319 3057 1366 3112 sed
1389 3056 1573 3130 resipiscenti,
1598 3056 1646 3111 sed
1661 3073 1807 3112 converse:

520 3141 601 3196 istum
624 3140 690 3196 adeo
713 3157 768 3196 non
792 3134 906 3214 penitet
930 3141 1056 3209 insanus.
1086 3150 1117 3198 ut
1140 3143 1216 3198 leros
1244 3142 1386 3197 minitetur
1413 3159 1442 3196 se
1471 3140 1645 3197 sceleratiora
1675 3158 1810 3196 ausurum.

518 3225 671 3299 diligendus
693 3234 735 3281 cst
758 3225 896 3285 inimicus,
926 3226 973 3281 sed
1000 3226 1028 3281 in
1057 3227 1110 3282 lroc
1139 3235 1169 3281 ut
1198 3226 1243 3281 fiat
1270 3226 1354 3282 alius:
1383 3242 1438 3281 non
1466 3234 1537 3280 amat
1565 3233 1655 3281 autem
1679 3225 1725 3298 qui
1749 3225 1811 3280 sinit

519 3312 628 3384 impune
651 3328 775 3384 peceare.
805 3310 827 3365 si
859 3319 940 3382 queat
963 3309 1112 3373 obsistere;
1141 3329 1194 3384 quo
1218 3311 1403 3367 vehementius
1425 3318 1496 3365 amat
1519 3318 1610 3384 pater,
1640 3310 1693 3365 boc
1723 3309 1840 3365 aeriusa

517 3394 627 3452 cohibet
650 3404 805 3470 peccantem
829 3393 921 3449 lilium.
965 3395 1150 3451 blisericerdia
1173 3395 1285 3457 fuisset,
1309 3396 1331 3450 si
1355 3413 1416 3450 moa
1438 3393 1518 3450 editis
1533 3394 1644 3449 Huttcni
1661 3394 1810 3468 sycophan-

519 3481 563 3535 tiis
585 3471 705 3535 dedisset
720 3497 827 3553 pmnas,
850 3496 905 3535 uon
920 3479 1067 3535 addidisset
1083 3480 1212 3536 insaniam
1229 3480 1349 3535 insaniae.
1395 3479 1455 3534 ‘Sed
1471 3478 1599 3535 nrouitus’
1622 3478 1713 3552 inquis
1737 3477 1810 3534 ‘clam

517 3563 667 3620 aconsule
689 3563 809 3619 carebit'.
855 3563 939 3630 Quam
963 3573 1056 3619 tenere
1079 3564 1233 3620 consultum
1256 3572 1298 3619 cst
1321 3562 1394 3619 illins
1422 3563 1520 3619 honori
1549 3564 1595 3637 qui
1625 3561 1679 3618 tale
1707 3563 1810 3618 facinus

518 3648 577 3704 orbi
599 3648 760 3722 publicavit.
785 3656 814 3702 ut
835 3647 904 3703 clam
920 3649 1124 3705 admoneretur!
1148 3651 1188 3703 Aa
1212 3667 1274 3722 spes
1297 3656 1339 3704 cst
1361 3655 1518 3721 portentum
1542 3646 1629 3703 verbis
1652 3644 1811 3719 castigatius

517 3733 594 3788 iere?
619 3732 665 3788 Vix
687 3732 814 3788 emiserat
830 3732 945 3788 Othonis
968 3733 1067 3795 furias,
1090 3742 1210 3807 empserat
1233 3732 1332 3788 iterum
1355 3733 1486 3788 excudere
1509 3741 1537 3788 et
1558 3741 1693 3807 praeterea
1709 3731 1808 3787 rabulae
1818 3741 1842 3780 tt

518 3913 671 3964 CCCLXV.
694 3912 920 3962 l...i·-:Erasmi
933 3915 1002 3979 Epp.
1017 3914 1087 3975 (lud.
1102 3915 1169 3964 bibl.
1184 3932 1209 3964 n.
1223 3915 1332 3975 53‚a...a.
1370 3914 1398 3979 l)
1411 3932 1437 3980 p.
1450 3912 1591 3964 803...805.
1628 3913 1808 3980 a)p.767.sq.

736 3995 765 4050 3]
779 3995 841 4045 cell.
859 3996 1029 4047 teuit...tbt›3.
1043 4000 1117 4048 XXI.
1125 3999 1148 4049 3.
1184 4001 1211 4057 4)
1226 4000 1287 4049 coll.
1299 4000 1358 4048 844.
1372 4014 1412 4062 eq.
1427 4000 1588 4049 nbncexxv.

584 4129 592 4162 ¹
611 4121 776 4197 vexandam]
799 4134 847 4183 boe
869 4135 956 4183 iustum
979 4153 1077 4185 sensum
1095 4152 1144 4185 rien
1162 4135 1250 4198 babet,
1275 4134 1398 4187 Erasmus
1415 4136 1549 4198 scripserit
1567 4131 1760 4190 inescandam,
1784 4139 1808 4180 ut

480 4263 485 4276 ,
516 4219 672 4279 reprimeret
690 4217 823 4266 Huttcnici
840 4220 916 4267 nnirni
933 4227 1002 4269 recte
1021 4222 1178 4286 intellipendi
1194 4222 1389 4285 cmpticnndique
1406 4223 1482 4283 piune
1501 4222 1598 4268 nescius
1616 4219 1700 4275 bomo,
1725 4221 1767 4284 qui
1783 4225 1808 4266 ut

515 4302 640 4350 doctrina
657 4304 796 4365 elepnutia,
821 4303 900 4352 itaet
919 4302 1057 4369 φιλαυτίᾳ
1075 4309 1262 4370 oemtaiessues
1280 4305 1646 4368 onraesfacileariperoacrit,
1673 4304 1808 4352 Hutterunn

518 4386 628 4435 unsara
645 4390 725 4436 aulam
741 4389 850 4451 petisse,
870 4396 896 4437 ut
913 4393 982 4453 oirpe
1001 4407 1073 4454 qriorn
1090 4395 1140 4438 tuna
1158 4393 1182 4437 in
1200 4391 1380 4438 nautrimonienr
1398 4388 1448 4437 sibi
1464 4389 1523 4437 (ieri
1540 4386 1669 4451 cupiebat,
1688 4389 1808 4452 potentie

514 4487 568 4518 sum
586 4472 656 4534 apud
670 4473 801 4536 principes
818 4475 925 4521 tradentis
941 4478 1025 4537 pluria
1037 4476 1146 4537 decepta
1156 4475 1269 4538 pauperi
1280 4475 1360 4538 equiti
1371 4474 1583 4537 desponderctur.
1619 4471 1717 4522 Similia
1729 4472 1807 4521 Eras-

514 4571 566 4604 mus
590 4557 615 4603 in
639 4557 747 4620 ‹datopis
769 4558 857 4622 quibam
879 4558 1025 4607 inscribitur
1048 4549 1145 4622 Γάμος
1168 4546 1278 4622 ἄγαμος
1301 4565 1326 4605 et
1341 4547 1453 4614 Ἱππεὺς
1476 4545 1615 4620 ἄνιππος,
1641 4574 1689 4622 quo
1713 4559 1808 4622 quidem

515 4640 626 4689 Henrici
642 4640 825 4705 Eppenrlurpii
841 4642 969 4706 (Harpali
985 4659 1001 4690 a
1021 4644 1107 4703 Concu)
1131 4643 1287 4707 liutteniqrie
1303 4643 1397 4704 sinnam
1415 4642 1543 4690 calumniis
1560 4642 1634 4690 tectis
1653 4643 1726 4706 qitaai
1743 4644 1807 4689 lenio

514 4741 607 4774 veneno
625 4726 775 4788 celinquere
792 4727 899 4786 studuit,
916 4729 965 4775 sed
981 4729 1104 4791 proprias
1120 4727 1221 4776 sordidi
1237 4727 1315 4775 nrairiri
1330 4727 1435 4775 insidias
1446 4726 1571 4789 prodidit.
1619 4723 1630 4755 l
1648 4725 1741 4774 leuch.
1756 4725 1806 4773 Ce-

515 4808 656 4857 merariue.
676 4808 719 4857 Cl'.
733 4824 817 4873 supra
835 4810 987 4859 exhibitam
1001 4810 1082 4859 huius
1100 4811 1288 4860 narrationem
1301 4811 1334 4860 de
1353 4811 1453 4860 itinere
1472 4824 1532 4859 cum
1546 4806 1760 4859 blelanchthone
1779 4810 1808 4857 in

515 4892 706 4941 Palatinarum
724 4892 814 4953 iacto,
834 4909 859 4956 p.
874 4893 931 4943 abt.
946 4910 985 4958 sq.
1040 4893 1061 4926 ¹⁰
1077 4896 1261 4944 at.D.xxlv.
1275 4898 1300 4944 2.

583 4974 603 5007 ¹³
632 4974 845 5041 matrimonium]
874 4979 965 5028 Hedio
990 4978 1042 5049 mr
1064 4978 1181 5028 Kalend.
1207 4980 1302 5029 Iuniae
1326 4984 1511 5029 contraxerat.
1594 4975 1701 5043 literas]
1726 4993 1808 5042 supra

507 5058 551 5111 ssnl.
566 5058 693 5108 CCCLX.
709 5058 858 5109 exhibitas.
909 5060 932 5093 ³⁰
950 5059 1046 5125 furias]
1067 5063 1102 5111 ad
1120 5063 1270 5128 Spongiam
1289 5064 1514 5129 Responsionem.
