4367 6084
518 716 591 787 334
632 732 849 782 ΟΟΟΧΧΧΙΙΙΙ.
870 747 1059 782 navssrsusn
1073 747 1126 781 rno
1139 747 1269 782 nvrrsno
1281 747 1318 782 an
1332 746 1434 782 11111111
1449 746 1590 782 srosermr
1603 746 1767 781 necrossro.

517 907 608 977 magis
630 907 838 962 incommodari
858 905 992 960 debebam
1010 907 1107 977 'qnam
1131 905 1270 971 lamera,
1304 907 1355 976 qai
1382 920 1425 959 me
1454 919 1586 976 meosque
1613 906 1701 960 libros
1732 911 1812 960 tanta

515 992 684 1062 depravavit
705 992 827 1056 invidio,
862 992 966 1061 quique
989 991 1058 1045 milri
1079 1006 1175 1046 omnes
1194 989 1261 1060 fere
1283 991 1423 1045 amicitias
1451 992 1494 1045 uel
1520 991 1645 1060 disrupit
1674 991 1718 1044 oet
1739 991 1812 1045 molo

515 1074 660 1147 fermento
676 1077 803 1141 viciavit,
827 1090 879 1130 ricc
898 1092 1007 1145 parum
1030 1076 1200 1131 incommodi
1221 1075 1315 1129 attulit
1336 1075 1417 1130 bonis
1438 1076 1537 1129 literis.
1588 1089 1639 1131 or.
1663 1073 1696 1128 lit
1717 1073 1813 1147 degra-

518 1160 587 1214 vavit
602 1168 630 1215 et
644 1159 816 1231 degravabit:
841 1160 936 1215 allieas
958 1168 1000 1215 est
1023 1161 1093 1215 enim
1117 1160 1228 1214 verbnm
1249 1158 1293 1213 dci
1316 1160 1393 1232 quasi
1414 1159 1486 1232 ignis
1509 1166 1537 1214 et
1559 1159 1636 1231 quasi
1659 1157 1749 1213 iacula
1771 1176 1813 1212 ar·

516 1244 583 1299 ‹lcns
607 1253 635 1300 et
657 1243 770 1300 malleus
792 1251 938 1300 conterens
958 1253 1081 1319 petranm
1104 1242 1260 1300 illuminans
1283 1242 1441 1299 abscondita
1465 1243 1637 1299 tenebrarum
1660 1251 1689 1299 et
1714 1259 1832 1299 consu-s

517 1345 592 1384 mens
622 1329 699 1403 quasi
728 1329 856 1402 stipulam
884 1347 992 1385 omnem
1018 1326 1181 1403 'sapientiam
1208 1329 1365 1389 humanam,
1401 1345 1462 1402 qun
1490 1327 1598 1383 extollit
1626 1346 1654 1383 se
1684 1328 1813 1383 adversus

516 1413 657 1468 scientiam
680 1413 732 1469 dei.
776 1412 809 1468 Et
832 1414 854 1468 si
878 1413 917 1468 vis
940 1415 1077 1488 accipere,
1107 1414 1166 1487 ipse
1194 1421 1237 1469 cst
1259 1412 1331 1468 Elias
1359 1422 1562 1492 postremorum
1589 1421 1744 1494 temporum
1768 1413 1813 1486 qui

517 1498 639 1555 restituit
661 1498 764 1560 esnisia.
789 1499 835 1571 qui
858 1499 962 1554 curavit
984 1507 1094 1571 gentem
1117 1515 1192 1554 suam
1216 1505 1244 1553 et
1265 1497 1390 1553 liberavit
1412 1515 1485 1559 eam:
1519 1497 1565 1570 qui
1597 1497 1674 1570 quasi
1703 1497 1748 1553 sol
1770 1514 1812 1552 re-

517 1581 627 1655 fulgens
650 1583 688 1638 sic
711 1582 799 1655 lulget
821 1584 848 1637 in
873 1583 974 1656 templo
996 1584 1054 1645 dei,
1079 1592 1107 1639 et
1129 1582 1206 1656 quasi
1230 1581 1293 1637 tlms
1315 1582 1413 1638 ardens
1437 1582 1463 1636 in
1487 1583 1564 1654 igne:
1587 1582 1660 1637 dedit
1684 1581 1757 1637 enim
1774 1581 1813 1636 illi

494 1667 584 1723 ‚deus
606 1684 655 1722 eor
676 1667 709 1722 ad
732 1676 868 1741 praecepta
890 1676 918 1723 et
941 1667 1031 1740 legem
1053 1668 1115 1722 vitm
1138 1674 1165 1722 et
1192 1665 1356 1740 disciplinae.
1385 1667 1483 1722 ‹looere
1511 1666 1589 1722 lacob
1618 1674 1843 1722 testamentumtv

518 1769 596 1807 suum
619 1760 647 1807 et
668 1751 765 1808 iudicia
789 1769 836 1808 sna
859 1751 951 1807 lsrael.
987 1751 1115 1826 impletus
1137 1760 1179 1823 est
1201 1750 1281 1824 quasi
1303 1751 1401 1806 buniam
1425 1750 1565 1824 sapientia,
1588 1760 1616 1805 et
1639 1758 1740 1814 terram
1765 1768 1813 1824 gu·

519 1835 615 1892 bernat
637 1837 725 1892 anima
748 1854 811 1900 ssia:
836 1835 908 1891 solut
930 1837 1011 1892 etiam
1035 1836 1105 1893 altor
1127 1836 1206 1890 David
1228 1853 1288 1891 eum
1311 1835 1436 1891 leonibus
1459 1835 1540 1897 lusit.
1563 1853 1625 1891 eum
1647 1836 1813 1891 llomanistis

360 1913 370 1921 ”
448 1975 451 1984 ,
517 1919 642 1977 leonibus
665 1921 837 1993 rugientibus
859 1931 888 1976 et
909 1922 1069 1995 praeparatis
1091 1922 1124 1976 ad
1147 1938 1244 1976 oscam.
1289 1928 1317 1975 et
1339 1920 1367 1975 in
1385 1921 1461 1976 ursis
1482 1919 1635 1994 pradonica
1657 1928 1741 1992 gente
1757 1937 1813 1975 mo·

517 2005 668 2061 naeliorum
690 2006 817 2062 similiter
839 2007 920 2061 lecit:
945 2005 1066 2079 uunquid
1090 2023 1145 2062 non
1170 2005 1268 2061 occidit
1290 2005 1444 2079 gigantem,
1468 2004 1611 2061 robustum
1634 2004 1711 2059 illum
1735 2022 1812 2060 vena·

520 2098 606 2145 torum
628 2107 719 2146 coram
742 2090 852 2146 domino
875 2099 903 2147 et
925 2089 1038 2146 abstulit
1061 2089 1238 2164 opprobrium
1267 2089 1300 2145 de
1329 2091 1430 2162 gente?
1465 2090 1491 2144 in
1525 2089 1596 2144 saxis
1624 2089 1657 2144 dc
1687 2097 1810 2144 torrente
1823 2100 1843 2138 c,

519 2175 716 2249 scripturarum
738 2175 836 2232 deiecit
865 2175 988 2249 spurium
1016 2174 1226 2249 exprobrantem
1255 2181 1283 2229 et
1312 2175 1497 2247 imponentem
1527 2173 1720 2229 traditionibus
1754 2173 1811 2228 suis

519 2259 613 2316 Goliad
636 2259 759 2327 Etlteum.
803 2260 854 2327 Qui
881 2268 977 2316 eontra
1007 2259 1081 2315 illum
1112 2267 1249 2314 steterunt
1272 2258 1351 2332 llyrci
1381 2267 1409 2314 et
1431 2258 1501 2315 Eccii
1529 2267 1557 2313 et
1584 2257 1707 2319 Cocleae,
1743 2258 1813 2313 llur·

518 2344 587 2399 narii
610 2351 638 2399 et
661 2344 846 2407 blalleatores,
869 2345 1048 2417 congregatio
1070 2344 1157 2399 illiore
1181 2343 1208 2397 in
1238 2343 1389 2404 iracundia,
1420 2343 1438 2398 ii
1462 2361 1555 2399 omnes
1579 2343 1682 2416 impetu
1706 2343 1813 2398 iracun-

519 2428 570 2484 din
593 2446 649 2484 suae
671 2431 825 2504 consumpti
849 2438 926 2491 sunt,
959 2437 987 2484 et
1017 2429 1081 2485 iecit
1103 2428 1158 2484 illis
1181 2436 1303 2483 monstra
1331 2428 1470 2489 dominus,
1502 2437 1530 2483 et
1556 2427 1736 2501 comsumpsit
1766 2444 1813 2481 eos

519 2513 623 2569 llamma
647 2513 733 2586 ignis;
756 2515 878 2587 percussi
901 2522 966 2569 sunt
987 2515 1109 2569 caecitate
1132 2513 1204 2569 sieut
1227 2511 1267 2567 illi
1290 2513 1318 2567 in
1341 2512 1446 2569 loribus
1470 2513 1548 2573 iusti,
1572 2511 1730 2585 salvumque
1747 2511 1844 2568 lecito

519 2614 635 2670 egenum
658 2616 673 2654 a
695 2596 786 2670 gladio
810 2599 866 2654 oris
889 2615 999 2671 coruin,
1023 2597 1229 2672 comprehendit
1252 2597 1279 2652 in
1302 2598 1401 2653 astutia
1424 2615 1472 2653 sua
1495 2598 1647 2672 sapientes,
1671 2606 1699 2652 et
1722 2597 1813 2653 omnia

519 2698 614 2737 eorum
636 2681 748 2738 consilia
769 2682 919 2756 dissipavit.

583 2761 680 2841 [5²¹2]
724 2783 774 2823 an.
797 2768 859 2839 Epo
882 2769 1006 2838 quotidie
1027 2769 1181 2838 experior,
1205 2769 1376 2839 quammulti
1384 2774 1531 2838 potentes,
1555 2768 1643 2833 docti,
1666 2770 1814 2838 prooeset

517 2851 584 2906 boni
606 2852 660 2905 oiri
680 2859 856 2907 execrentur
879 2852 1000 2907 lutheri
1020 2867 1138 2911 nomen:
1166 2869 1287 2923 qaorum
1310 2853 1375 2907 totis
1400 2860 1466 2906 erat
1493 2835 1631 2920 eruditio,
1661 2852 1728 2906 tatis
1751 2852 1813 2906 oitoe

518 2936 694 3007 conteritas,
729 2943 759 2992 ut
787 2941 837 2992 otae
862 2938 971 3008 possim
1000 2939 1147 3010 crispicari
1173 2939 1216 2992 oet
1246 2938 1354 3008 affeetu
1387 2952 1491 2991 errare
1523 2937 1588 2992 illos
1621 2936 1664 2992 ael
1696 2937 1844 2991 iudiciots

519 3035 570 3076 or.
594 3019 626 3074 Et
648 3037 699 3076 nos
723 3021 844 3094 quotidie
867 3021 1022 3094 experimur
1044 3039 1124 3094 «quarm
1147 3038 1201 3076 non
1224 3022 1296 3096 capit
1318 3020 1488 3093 evarrgelium
1509 3018 1552 3076 dei
1576 3021 1603 3075 in
1632 3020 1665 3075 iis
1695 3019 1811 3076 bomini·

519 3103 570 3160 bus
593 3104 640 3179 qui
663 3105 715 3160 sibi
737 3106 823 3168 docti.
847 3125 943 3179 graves
966 3114 994 3161 et
1016 3106 1115 3162 cruditi
1131 3106 1271 3169 videntur;
1295 3099 1357 3179 quia
1373 3107 1412 3161 sic
1426 3105 1556 3179 placitum
1570 3112 1613 3161 est
1627 3122 1718 3160 coram
1735 3112 1812 3178 patre

519 3188 566 3263 qui
588 3189 730 3246 abscondit
753 3191 811 3247 lime
833 3210 847 3247 a
870 3191 1039 3265 sapientibus
1062 3199 1089 3246 ct
1111 3191 1306 3264 prudentibus,
1336 3198 1467 3264 vocatque
1497 3208 1551 3246 non
1577 3189 1681 3245 utullus
1706 3190 1812 3263 sapien·

520 3282 561 3330 tes
584 3275 730 3331 secundum
753 3294 875 3339 carnem.
906 3294 960 3331 non
984 3276 1085 3332 multos
1115 3283 1255 3349 potentes,
1290 3292 1345 3331 non
1378 3274 1478 3331 intuitos
1500 3275 1575 3330 claro
1597 3291 1699 3347 genere
1723 3282 1810 3332 natos.

519 3360 576 3430 sed,
590 3377 650 3433 quas
672 3359 757 3417 stulta
779 3348 907 3417 ot'nilrili
931 3370 995 3418 sunt
1017 3361 1166 3416 seeundum
1188 3360 1332 3422 mundum,
1356 3378 1389 3415 no
1412 3359 1547 3433 glorietur
1569 3358 1623 3414 ulla
1638 3377 1703 3415 caro
1718 3370 1844 3415 coramm

519 3445 594 3518 ipso:
618 3445 677 3518 ipso
700 3447 770 3501 enim
793 3455 836 3502 est
858 3447 904 3519 qui
920 3446 1070 3502 confundit
1092 3444 1252 3518 sapientiam
1275 3445 1428 3519 sapientum
1451 3453 1479 3500 et
1494 3444 1609 3501 stultum
1625 3445 1690 3500 lacit
1705 3461 1813 3499 omnem
1859 3491 1864 3498 .

520 3530 656 3586 bominem
685 3549 699 3586 a
727 3530 859 3604 sapientia
888 3548 949 3592 sua,
984 3531 1031 3603 qui
1059 3529 1188 3603 reprobat
1216 3530 1398 3602 cogitationes
1427 3529 1592 3603 populorum
1621 3537 1649 3584 et
1683 3528 1813 3602 reprobat

519 3613 632 3671 consilia
656 3614 817 3688 prirteipum.
864 3614 895 3670 Et
917 3615 1059 3689 apostolus
1082 3613 1182 3669 l'aulus
1205 3615 1268 3687 quid
1291 3614 1363 3670 aliud
1386 3615 1443 3687 agit
1466 3615 1493 3669 in
1517 3613 1642 3670 omnibus
1670 3614 1728 3669 lere
1757 3612 1813 3687 epi·

520 3698 599 3754 stolis
622 3716 702 3772 quam
725 3699 797 3772 quod
819 3700 983 3755 deliortatnr
1005 3699 1038 3754 ab
1061 3698 1106 3754 illa
1130 3699 1244 3754 lmuiana
1263 3698 1426 3772 prudentia,
1455 3699 1489 3754 ab
1510 3698 1557 3753 illa
1579 3699 1696 3754 humana
1725 3697 1813 3770 gravi·

521 3790 589 3846 tale.
614 3801 674 3856 quan
697 3783 764 3838 nibil
786 3792 829 3839 est
852 3802 930 3857 aquam
954 3785 1104 3858 impostura
1128 3791 1155 3838 et
1178 3784 1345 3857 hypocrisis:
1369 3784 1418 3839 bac
1440 3785 1511 3840 enim
1534 3801 1583 3839 sua
1603 3783 1670 3838 lalsa
1686 3790 1714 3838 et
1730 3784 1845 3838 simu-s

521 3867 573 3922 lata
596 3867 763 3928 eruditione.
788 3886 835 3923 sua
859 3871 947 3924 fricata
963 3868 1121 3942 eloquentia
1137 3869 1251 3941 lictaqne
1268 3868 1401 3940 religione
1416 3876 1445 3923 et
1460 3870 1560 3944 pietate
1576 3868 1603 3923 in
1619 3868 1667 3943 lias
1686 3868 1813 3924 tenebras

520 3969 570 4007 nos
593 3961 789 4024 provexerunt,
819 3953 967 4029 inquibus
996 3952 1088 4009 multis
1117 3953 1169 4007 iam
1198 3953 1276 4008 aurinis
1304 3953 1413 4009 luimus.
1458 3954 1497 4008 Ad
1524 3969 1621 4009 corsos
1644 3952 1731 4025 igitur
1752 3969 1812 4009 cum

520 4036 575 4091 tuis
598 4035 741 4107 gravibus,
765 4036 844 4095 bonis
867 4048 895 4095 ct
917 4038 1076 4112 potantibus
1098 4037 1176 4093 viris!
1200 4037 1283 4093 Nemo
1307 4038 1408 4099 bonus.
1439 4038 1491 4095 nisi
1514 4037 1590 4094 solus
1612 4037 1694 4095 deus:
1724 4038 1812 4093 omnis

520 4127 610 4176 antem
637 4120 719 4177 bomo
747 4124 857 4179 mendax
888 4132 915 4179 et
938 4131 1091 4197 peccatum,
1115 4130 1143 4176 et
1166 4123 1254 4178 oiisriia
1278 4122 1351 4178 illius
1373 4142 1470 4197 opera,
1493 4122 1675 4195 cogitationes
1692 4130 1719 4177 ct
1736 4123 1812 4177 iusti-

449 4224 451 4228 ·
519 4204 569 4260 ciac
590 4213 701 4278 peccata
723 4216 795 4263 sunt.
839 4210 918 4280 Piget
939 4226 982 4264 me
1005 4216 1059 4263 tam
1083 4207 1198 4279 insignis
1224 4208 1363 4264 castellatis.
1408 4209 1455 4264 sod
1484 4209 1530 4281 qui
1559 4215 1623 4262 sunt
1652 4215 1743 4263 minen
1772 4205 1843 4261 illito

519 4307 631 4362 graves,
656 4290 734 4353 boni,
758 4294 830 4349 docti
854 4302 881 4349 et
904 4293 1003 4350 cruditi
1028 4292 1093 4347 viril
1128 4293 1200 4347 lorte
1228 4292 1365 4365 pontifex,
1394 4292 1559 4353 cardinales.
1590 4291 1728 4366 episcopi,
1758 4292 1812 4347 adi·

519 4374 580 4448 posi
603 4375 714 4431 abbates
736 4386 764 4433 ot
786 4397 872 4435 vacem
894 4379 1010 4452 pingues
1033 4378 1060 4432 in
1089 4385 1180 4432 monte
1203 4376 1344 4437 Sacraria»,
1374 4379 1559 4450 ingredientes
1588 4376 1743 4451 pompatice
1765 4377 1812 4431 do·

520 4477 592 4516 11111111
621 4460 722 4517 lsrael?
757 4464 808 4519 Sed
838 4464 907 4538 apud
936 4463 987 4518 lum
1014 4461 1197 4517 existimatum
1225 4470 1268 4517 est
1295 4462 1425 4517 hactenus
1454 4480 1543 4535 nequo
1570 4479 1640 4517 verm
1670 4461 1811 4534 gravitatis

519 4545 621 4618 aliquid
643 4564 717 4608 osse.
741 4566 829 4622 neque
851 4549 973 4622 pietatis.
997 4564 1086 4620 nequo
1108 4546 1287 4609 eruditionis:
1321 4547 1446 4603 vanitatis
1469 4565 1533 4603 sero
1555 4554 1583 4601 ct
1606 4545 1761 4602 insolentias
1783 4564 1811 4601 ac

468 4674 473 4679 .
520 4631 670 4702 tyrannidis
693 4630 848 4705 plurimum.
894 4640 1026 4706 premerea
1055 4630 1124 4687 tales
1152 4648 1207 4687 non
1237 4631 1384 4694 habentur,
1418 4649 1506 4706 neqim
1535 4639 1611 4693 sunt,
1645 4648 1736 4704 nequc
1763 4630 1808 4686 tali
1820 4641 1854 4680 11·

519 4751 723 4763 ——-—--..-

586 4813 616 4846 Μ
634 4817 671 4864 Et
689 4816 865 4880 degravavit!
890 4817 926 4865 Et
948 4801 1127 4880 degravavit!
1153 4817 1178 4864 3.
1193 4814 1221 4876 (l)
1302 4813 1322 4846 ¹⁶
1341 4817 1552 4880 opprobrantem
1576 4816 1810 4864 1.2.se‹tmem.

518 4904 627 4951 carmi.
665 4900 686 4933 ¹⁷
704 4901 783 4951 Hirci
803 4902 828 4948 3.
849 4899 921 4950 Book
938 4899 1037 4949 Ernser.
1058 4899 1187 4950 Cochleoe
1207 4903 1233 4949 ³.
1253 4899 1407 4950 Coclilaens.
1438 4899 1465 4973 '¹⁸
1483 4900 1580 4951 Coraeli
1600 4904 1626 4951 3.
1656 4899 1809 4950 CLI-locle-

520 4964 751 5035 siasthnvmt.
804 4982 936 5035 ²⁵sincer
956 4988 981 5033 ³.
1018 5001 1128 5049 possum
1146 5002 1239 5035 omnes.
1286 4984 1382 5037 ὃ711111
1401 4986 1555 5036 anuinium
1579 4988 1638 5036 t.2.
1674 4982 1694 5017 ⁴¹
1715 4983 1809 5050 Carpi-

519 5069 598 5120 nnlcs
617 5073 643 5118 2.
695 5067 717 5100 ⁴²
736 5068 912 5135 egredientes
929 5084 1026 5126 ornnes,
1044 5071 1092 5118 scd
1108 5073 1134 5119 in
1154 5072 1178 5120 1.
1193 5073 1260 5120 irater·
1276 5088 1330 5120 err.
1343 5088 1412 5121 corr.
