4367 6084
368 748 548 802 annuunt
560 749 610 801 ΑΙ)
623 747 706 801 VOL.
721 748 742 801 1.
767 744 936 801 Lxxxrr1*.
949 762 1093 800 sersaonn
1107 762 1143 801 sn
1157 761 1251 800 intera.
1266 761 1300 799 na
1315 761 1435 799 niteas.
1454 764 1479 798 a.
1496 755 1553 800 tata.
1591 731 1665 805 479

437 919 517 986 [Cum
541 926 690 987 sequentes
714 919 749 970 sd
771 919 944 971 Ioachimun'i
966 920 1138 970 Maltzsnum
1166 918 1241 968 datae
1264 918 1368 969 litterae
1392 919 1489 970 itidem
1513 935 1546 969 ex
1570 920 1666 969 archio

368 1004 513 1055 Guelferb.
533 1005 680 1070 descriptae
698 1005 915 1070 praecedentium
934 1005 1014 1069 quasi
1033 1004 1252 1054 conmentarium
1274 1007 1420 1067 praestent,
1444 1002 1552 1052 Lischii
1572 1009 1665 1053 autem

367 1090 439 1139 liber
457 1089 543 1138 multo
562 1090 651 1139 minus
669 1104 750 1153 quam
769 1094 889 1139 meretur
906 1089 1037 1154 vulgatus
1055 1089 1106 1149 sit,
1125 1103 1180 1137 non
1198 1103 1242 1136 ms
1261 1089 1390 1137 contineo
1409 1087 1444 1136 ab
1464 1087 1573 1136 illarum
1586 1104 1665 1152 repe-

366 1175 482 1238 titione,
509 1179 601 1224 certus
621 1174 729 1237 quidem
748 1174 781 1223 de
801 1175 894 1239 gratia
913 1188 1006 1223 eorum
1025 1174 1071 1237 qui
1089 1173 1208 1221 Hutteni
1232 1188 1345 1237 operum
1369 1172 1487 1221 studiosi
1512 1177 1588 1233 sunt,
1614 1172 1664 1220 aed

347 1268 485 1324 aspersus
504 1259 589 1307 ctiam
607 1258 676 1307 nihil
696 1259 722 1307 ei
746 1259 886 1323 ingratum
910 1274 954 1307 me
979 1252 1073 1307 is‘cere
1098 1258 1145 1321 qui
1168 1257 1202 1305 de
1226 1256 1368 1327 loachirno
1386 1256 1527 1305 Multnano
1551 1258 1664 1322 egregie

367 1342 484 1393 meritus
504 1348 560 1405 est,
580 1341 715 1408 Lischi0.]
766 1358 775 1375 ·

384 1510 518 1544 rtnrsrrs.
870 1495 895 1554 l.
920 1492 1028 1574 [Liscb.
1046 1515 1073 1552 n
1093 1491 1166 1573 194]
1279 1541 1282 1548 ·
1353 1489 1645 1557 l¹·?l¹'¹¹³¹¹·l¹·¹⁵¹¹¹·l

370 1566 550 1575 ————-
1276 1560 1663 1572 ——-—-—.

852 1645 1067 1726 [ruiucrscvs
1090 1643 1180 1723 unt]

453 1784 536 1841 fideli
559 1794 593 1844 et.
608 1803 672 1840 caro
692 1784 778 1841 nobili
800 1795 897 1840 nostro
920 1784 1054 1841 loacbimo
1077 1784 1110 1839 de
1133 1782 1250 1839 bloltzan
1273 1782 1396 1840 salutem.

336 1885 359 1924 to
453 1871 490 1925 Ei
506 1870 605 1925 litteris
623 1872 677 1925 tuis
699 1870 779 1944 plane
803 1869 999 1931 intelleximus,
1023 1876 1154 1941 quantum
1176 1868 1272 1930 studii,
1296 1867 1398 1924 laboris
1419 1887 1563 1944 operasque
1586 1888 1664 1927 nara-

367 1956 452 2017 veris,
476 1964 507 2010 ut
529 1973 573 2010 res
595 1963 704 2010 nostras
726 1972 777 2027 pro
801 1954 957 2016 commodo,
981 1952 1100 2008 utilitate
1122 1961 1149 2007 et
1170 1952 1258 2025 gloria
1278 1962 1371 2008 nostra
1394 1954 1425 2008 ad
1449 1954 1539 2010 laetum
1563 1956 1663 2011 exitum

368 2039 527 2113 felicemque
558 2040 722 2113 perducere,
755 2057 806 2112 pro
830 2057 882 2112 qua
913 2055 942 2093 re
968 2038 1083 2092 multum
1105 2038 1201 2109 gratiae
1223 2047 1324 2094 nostrae
1355 2047 1380 2093 te
1404 2040 1582 2111 promeritum
1604 2058 1663 2095 esse

367 2124 572 2185 confirmamus,
602 2123 797 2196 hortamurque
819 2141 910 2184 enixe,
935 2130 965 2177 ut
988 2139 1068 2194 quam
1090 2138 1147 2178 rem
1174 2139 1270 2194 magna
1297 2123 1457 2179 dexteritate
1480 2132 1507 2178 et
1532 2124 1664 2179 imfustria

368 2209 474 2281 cupisti
498 2226 594 2281 agere,
628 2208 654 2262 in
681 2209 792 2263 eandem
818 2206 973 2263 incumbere
1006 2223 1039 2260 ue
1068 2224 1172 2267 cesses.
1205 2207 1293 2278 quoad
1321 2208 1441 2279 perfecta
1463 2208 1554 2263 fuerit.
1599 2210 1663 2263 llum

336 2301 459 2347 taautem
481 2293 513 2348 ad
537 2310 588 2347 nos
607 2301 633 2346 te
654 2292 803 2366 receperis,
820 2291 957 2363 intelliges
973 2291 999 2345 in
1016 2308 1076 2345 enin
1093 2291 1243 2364 principem
1260 2300 1285 2346 te
1301 2308 1410 2363 operam
1427 2292 1599 2365 studiumque
1617 2293 1664 2347 im·

369 2377 511 2450 pendisse,
539 2376 585 2449 qui
614 2384 641 2431 et
664 2384 762 2450 suopte
785 2377 895 2450 ingenio
921 2376 954 2431 de
976 2392 1004 2430 sc
1031 2374 1238 2430 benernercntes
1260 2374 1411 2430 liberaliter
1432 2392 1606 2431 remunerare
1636 2385 1664 2431 et

370 2461 426 2516 vuit
454 2470 482 2516 ct
505 2470 606 2535 potest.
651 2451 735 2528 Quod
755 2469 881 2534 superest
902 2477 953 2534 pro
977 2460 1156 2533 responsione.
1184 2460 1216 2514 ad
1241 2468 1300 2515 tuas
1328 2458 1444 2522 literas,¹
1469 2461 1538 2516 scies
1561 2479 1593 2517 ex
1615 2478 1664 2517 uu·

369 2547 435 2600 stris
459 2545 615 2601 oratoribus
639 2546 701 2600 tuis.
745 2546 855 2601 iuterim
874 2542 1030 2601 benevale.
1074 2544 1199 2606 Parisiis,
1220 2543 1358 2599 Februarii
1381 2545 1433 2600 dic.

928 2628 1110 2702 l'raucoys.
1156 2632 1161 2639 '

336 2727 361 2767 so
1440 2713 1579 2771 llobertet.

587 2800 774 2869 [incomptior]
797 2797 881 2853 fideli
903 2805 930 2853 et
951 2816 1015 2853 caro
1034 2798 1119 2854 nobili
1143 2807 1238 2854 nostro

851 2883 985 2940 loacbitno
1006 2883 1039 2938 dc
1058 2883 1184 2938 bloltzan.

388 3233 521 3267 rasistis.
863 3216 891 3276 2,
917 3215 1025 3296 [lisca
1045 3238 1072 3275 η,
1091 3214 1166 3296 195]
1391 3226 1411 3265 t.
1426 3233 1507 3266 sana.
1523 3214 1558 3282 [s.
1575 3218 1646 3277 latui

369 3285 539 3295 ———
1361 3283 1665 3296 —————

831 3368 1009 3450 [ANTONIVS
1031 3371 1071 3425 bil
1092 3370 1202 3427 rutro

335 3486 361 3526 ιε
785 3468 968 3520 roacnnio
987 3470 1037 3518 ns
1055 3465 1251 3532 nominas]

456 3592 600 3648 carissime
620 3599 647 3647 et
669 3591 844 3648 dilectissime
868 3591 952 3646 amice
978 3598 1081 3645 noster.
1126 3590 1285 3664 decepimus
1309 3591 1414 3647 litteras
1445 3601 1519 3655 tuas,
1549 3612 1663 3668 quarum

370 3688 494 3733 tenorem
517 3686 545 3732 ct
567 3685 700 3750 praeterea
722 3677 842 3750 ipsarum
868 3693 936 3748 quas
958 3675 989 3730 ad
1011 3675 1268 3730 christianissimum
1291 3676 1390 3747 llcgcm
1413 3677 1529 3739 dedisti.
1554 3680 1663 3751 penitus

368 3762 562 3819 declaravimus
586 3761 672 3816 eidem
693 3760 920 3818 christianissimo
940 3759 1022 3832 llcgi,
1047 3759 1240 3815 illustrissima·
1261 3761 1339 3816 rnatri
1362 3761 1420 3815 eius
1439 3770 1466 3816 ct
1488 3780 1586 3835 magno
1608 3781 1664 3819 rna·

369 3847 475 3920 gistro,
498 3854 582 3921 prout
603 3844 771 3919 postulabas.
800 3845 858 3899 ¹riri
879 3843 990 3900 credere
1015 3861 1125 3917 posses,
1156 3853 1283 3917 quantam
1304 3845 1353 3899 tibi
1374 3847 1489 3919 gratiam
1509 3848 1580 3921 apud
1603 3866 1664 3905 ces·

335 3932 429 3989 aedem
452 3931 501 3986 tibi
520 3931 737 3992 conciliaverint,
760 3929 800 3985 uti
822 3928 937 3990 clarius,
960 3929 1075 3985 eumad
1097 3946 1148 3984 nos
1166 3929 1294 3992 redieris,
1316 3947 1408 3986 coram
1432 3931 1577 4003 intelliges.
1622 3933 1664 3988 ln·

368 4016 465 4071 cumbe
486 4032 554 4087 rogo
576 4017 602 4070 in
625 4032 683 4070 eam
706 4032 776 4076 rem,
799 4031 878 4086 quam
902 4014 1024 4087 cmpisti.
1050 4014 1210 4087 diligenter,
1236 4023 1262 4071 et
1284 4032 1336 4088 qua
1357 4015 1457 4071 solitus
1479 4034 1508 4072 es
1528 4017 1662 4079 industria

368 4100 511 4155 adtotum
534 4101 634 4154 exitum
657 4100 806 4173 perducere
828 4116 901 4154 cura.
945 4098 1086 4171 Nunquam
1110 4098 1199 4171 (crede
1220 4098 1296 4170 mibi)
1319 4099 1415 4156 meiius
1439 4118 1508 4175 opus
1530 4103 1663 4174 agerulum

370 4184 488 4240 habuisti
510 4192 537 4239 et
560 4184 632 4239 unde
657 4192 760 4239 tanturn
782 4183 914 4239 mercedis
935 4191 963 4238 et
986 4184 1090 4256 praemii
1118 4200 1275 4257 comparare
1305 4184 1428 4242 deberes.
1473 4187 1591 4249 Interea,
1621 4205 1664 4243 ca·

370 4269 477 4325 rissime
496 4269 580 4326 amice
603 4276 713 4331 noster,
736 4267 854 4324 feliciter
876 4266 941 4321 vale.
986 4266 1112 4328 Parisiis,
1135 4268 1179 4322 die
1202 4285 1273 4323 riona
1295 4267 1444 4325 l'cbruarii.

335 4364 360 4405 as
1001 4351 1139 4425 Tanquam
1163 4353 1248 4407 frater
1268 4360 1296 4405 ct
1322 4355 1422 4409 auricus
1448 4354 1579 4410 inthimus

1200 4435 1229 4490 tt.
1250 4435 1375 4509 beprato.

370 4553 572 4562 ·—-.--—.-

438 4653 460 4686 ¹⁰
478 4669 616 4718 opereque
635 4653 667 4704 L.
722 4650 742 4685 ¹¹
761 4651 847 4704 letum
866 4652 898 4702 L.
953 4648 974 4684 ¹¹
992 4652 1084 4717 gratie
1104 4655 1196 4700 nostre
1216 4649 1248 4700 L.
1307 4649 1329 4683 ¹¹
1348 4651 1448 4718 cepisti
1467 4651 1500 4702 L.
1571 4650 1593 4686 ¹¹
1610 4655 1662 4704 Re-

368 4754 432 4804 gum
451 4738 597 4789 multorum
615 4753 670 4786 non
688 4738 766 4801 regio
784 4753 858 4787 mere
871 4737 1053 4786 Franciscum
1072 4749 1179 4801 quoque
1197 4735 1377 4800 pecuniarum
1397 4736 1431 4785 nd
1450 4738 1663 4801 corrumpendos

368 4822 615 4887 subornandosque
633 4822 757 4872 hominos
781 4821 963 4885 profusiorem
988 4836 1069 4885 quam
1092 4820 1127 4869 sd
1150 4819 1288 4869 beneficia
1311 4822 1439 4885 praestitu
1462 4822 1664 4872 remuneranda
1685 4850 1687 4857 ·

368 4907 456 4957 fnisse
476 4911 596 4956 constat.
655 4904 676 4937 ¹¹
694 4901 759 4969 tuis]
777 4908 815 4954 sic
832 4907 924 4954 editum
942 4911 989 4953 est.
1014 4922 1047 4953 aa
1066 4903 1187 4954 elarius?
1256 4902 1313 4968 dic]
1331 4922 1380 4954 nara
1399 4907 1499 4954 adfecte
1517 4922 1628 4957 nrinrero.

436 4990 459 5024 ¹¹
477 4991 664 5041 illustrissime
683 4991 715 5039 L.
768 4988 790 5022 ¹¹
809 4988 971 5053 postulabas
990 4988 1021 5040 L.
1074 4987 1095 5020 ¹¹
1115 4989 1216 5053 cepisti
1235 4989 1267 5037 L.
1320 4987 1343 5020 ¹³
1361 4990 1459 5055 premii
1477 4991 1510 5039 L.
