4367 6084
511 712 585 784 280
687 726 886 777 cccxxxm.
903 696 1027 776 ιεεοααια
1040 740 1143 776 asisin
1157 740 1300 778 tovsnsrs
1314 743 1487 778 usrsnossss
1500 743 1635 779 nussum.

512 902 635 973 Anqlos,
661 901 836 972 precipuus
863 904 906 957 est
932 900 1115 958 reuerendus
1136 907 1227 974 puter
1248 900 1378 959 Ioannes
1399 900 1564 974 Episcopus
1586 898 1751 970 boliensis:
1778 900 1802 956 is

511 1004 588 1061 enim
608 1018 685 1075 perte
706 1000 862 1074 deperibat
880 1002 910 1057 in
932 1002 1126 1075 Capniouem,
1149 1010 1208 1060 tam
1230 1004 1388 1075 maqnifiee
1409 1003 1446 1060 de
1466 1004 1517 1060 illo
1537 1003 1680 1071 sentiens,
1711 1007 1742 1058 ut
1760 1017 1803 1058 me

507 1120 578 1177 pree
599 1105 649 1160 illo
666 1104 783 1176 putarit
803 1103 879 1160 nibil
899 1104 990 1172 scire,
1020 1106 1208 1178 captaritque
1236 1107 1417 1162 occasionem
1445 1081 1651 1177 relinquenda>
1673 1101 1802 1159 Britan-

513 1207 586 1274 nice,
615 1212 646 1262 nt
669 1219 735 1262 cum
759 1206 910 1276 t'apnioue
939 1207 1016 1263 uelut
1040 1208 1162 1263 oraculo
1190 1223 1291 1263 rerum
1318 1208 1445 1265 omnium
1473 1205 1695 1263 reconditarum
1715 1205 1806 1276 possit

443 1313 510 1361 §.tot
522 1307 655 1378 colloqui.
700 1304 789 1363 Hunc
803 1305 928 1364 bominis
942 1306 1083 1378 {effectum
1106 1315 1137 1364 ut
1156 1310 1338 1377 curbaram,
1361 1310 1403 1364 ita
1422 1323 1538 1380 semper
1557 1307 1637 1375 celui,
1657 1304 1734 1361 nibil
1753 1303 1824 1374 os-:1

418 1438 420 1441 ·
508 1407 615 1479 seusus
636 1408 716 1479 quod
732 1409 864 1480 l'apniou
883 1409 969 1481 opud
988 1409 1068 1466 bunc
1087 1410 1260 1474 obscuraret
1278 1411 1442 1482 opinionem
1460 1424 1569 1476 meacm
1591 1408 1649 1464 imo
1669 1407 1805 1478 pandens

512 1510 591 1582 quod
612 1511 698 1566 testem
721 1511 815 1566 ulrum
837 1509 959 1567 baberet
976 1511 1034 1568 sibi
1053 1519 1113 1568 tam
1135 1512 1297 1569 addictum.
1339 1509 1510 1568 consulebat
1529 1523 1576 1565 me
1596 1506 1748 1579 ltoffensis
1771 1507 1807 1563 de

513 1611 673 1668 bouorario
695 1627 816 1668 rrturtere
837 1612 991 1669 rnftteudo:
1015 1629 1074 1685 qua
1103 1613 1221 1684 quidem
1244 1615 1275 1670 in
1292 1630 1326 1670 νε
1347 1628 1437 1685 quam
1457 1611 1613 1668 inviderint
1633 1608 1806 1676 Beueblino,

444 1715 587 1786 §.tuipse
619 1714 698 1770 testis
723 1716 849 1785 optimus
880 1729 942 1771 csse
966 1719 1093 1786 poterat.
1136 1714 1181 1772 Ile
1199 1713 1357 1785 ⁴lt'offensis
1383 1715 1474 1784 iqitur
1496 1709 1605 1781 fauore
1630 1709 1807 1783 frequenter
1833 1753 1836 1758 .
1910 1752 1915 1755 «

511 1816 622 1887 scripsi
643 1806 801 1887 l'upnioni,
824 1816 947 1887 cupiens
970 1817 1104 1873 antimum
1130 1817 1209 1873 illins
1236 1818 1337 1888 aliquo
1358 1817 1463 1873 solatio
1487 1802 1658 1879 subleoare;
1685 1826 1805 1869 rursum
1817 1826 1837 1863 u
1903 1831 1915 1856 ι

512 1916 613 1988 siquid
631 1923 706 1974 esset
727 1916 868 1974 derebus
889 1916 1062 1989 Copnionis,
1082 1918 1227 1976 curabam
1248 1925 1280 1974 ut
1301 1918 1391 1974 sciret
1411 1917 1580 1989 episcopus,
1603 1914 1684 1986 quod
1701 1915 1806 1971 scirem

512 2019 578 2076 bruc
606 2020 651 2075 illi
673 2017 743 2088 sore
768 2020 959 2089 qratissima:
987 2018 1033 2076 bis
1061 2022 1159 2092 ituquc
1180 2021 1288 2088 literis,
1310 2017 1415 2090 quibus
1436 2024 1480 2075 est
1497 2015 1629 2087 cuffeusus
1654 2014 1806 2085 Huttenus,

513 2119 716 2192 siqniticubam
745 2121 789 2176 illi
812 2127 840 2176 et
867 2121 897 2177 in
918 2138 975 2193 quo
995 2119 1258 2194 periculosarum
1278 2120 1412 2192 l'apnion
1432 2127 1461 2176 et
1482 2121 1511 2176 in
1534 2133 1624 2191 quam
1646 2119 1808 2190 tranquillo

513 2227 590 2278 statu
612 2237 692 2278 nunc
712 2231 801 2287 esset,·
824 2230 883 2279 tum
906 2224 950 2280 uti
967 2224 1071 2298 sciret,
1093 2237 1151 2294 quo
1167 2223 1339 2280 mittendum
1361 2227 1435 2278 esset
1455 2219 1555 2292 siquid
1574 2219 1618 2276 ad
1637 2221 1721 2277 illum
1745 2221 1808 2277 oel-

445 2326 564 2381 §.tonlet
584 2324 706 2380 mittiue.
750 2324 894 2381 l'aterum
921 2325 957 2381 tie
976 2324 1116 2398 perfidia
1137 2325 1261 2381 crimine
1287 2324 1333 2380 illi
1359 2322 1548 2396 impinpendo
1573 2337 1610 2378 ne
1631 2323 1807 2378 somniatum
1819 2333 1838 2368 ¹⁵
1877 2330 1915 2364 i

512 2425 631 2497 quidem
651 2433 693 2482 est
714 2441 861 2497 uuquam:
890 2427 1081 2498 nequeenim
1100 2424 1213 2496 fallere
1233 2439 1350 2497 semper
1371 2431 1415 2481 est
1429 2422 1584 2497 perfidia,
1611 2423 1666 2480 scd
1679 2422 1809 2493 fallebat

512 2528 599 2584 etiarn
623 2528 672 2583 itte
694 2528 746 2597 qui
765 2527 857 2584 amici
877 2529 1049 2598 acrotomis
1070 2529 1213 2585 ceruicoli
1236 2529 1315 2585 clam
1342 2527 1496 2599 supposuit
1523 2540 1650 2591 uttrurn,·
1678 2532 1708 2582 et
1726 2523 1809 2595 fallit

513 2630 626 2686 eenricus
649 2629 700 2699 qui
721 2629 927 2699 iuenpeetatus
949 2628 1069 2700 obrepit.
1119 2628 1229 2697 Quodsi
1249 2629 1401 2686 voluissem
1429 2629 1512 2684 illum
1537 2628 1714 2683 insimulare
1731 2643 1808 2698 per-

490 2729 608 2799 fidia,
628 2744 685 2785 non
709 2728 881 2785 adiecissem
902 2733 1021 2786 ‘mulceto
1042 2727 1192 2787 consilio':
1214 2747 1309 2802 neque
1329 2745 1397 2788 uero
1417 2730 1515 2786 statim
1535 2728 1673 2800 perfidus
1695 2733 1740 2784 est
1760 2728 1811 2799 qui

514 2837 608 2887 acutat
624 2831 794 2899 consilium,
823 2830 1061 2903 quondoquidem
1088 2831 1156 2888 lum·
1173 2847 1254 2904 scope
1275 2833 1353 2903 coqil
1374 2832 1548 2898 necessitas,
1577 2845 1659 2901 scope
1680 2830 1840 2886 rationesu
1853 2836 1915 2874 ⁴1¹

446 2943 512 2992 §.us
523 2932 668 2989 eiusmodi
673 2977 679 3001 ,
702 2938 734 2988 at
748 2933 877 2989 stulticia
892 2933 930 2989 sil
948 2948 1006 2989 non
1028 2940 1153 2990 mutare.
1198 2933 1327 2991 Frustra
1344 2934 1435 3004 ibitur
1451 2931 1501 2988 bic
1519 2929 1614 2987 uerbis
1633 2931 1758 3001 tropicis
1780 2932 1809 2986 in

512 3049 558 3090 me
577 3032 696 3089 detonat
709 3032 869 3103 liuttenus,
893 3049 982 3106 quum
1004 3035 1084 3107 quod
1102 3036 1238 3103 assumit,
1265 3036 1353 3092 etium
1377 3049 1422 3090 me
1443 3048 1501 3089 non
1522 3018 1679 3102 refellente
1697 3031 1810 3102 salsis-

512 3137 616 3192 simum
637 3136 683 3191 sit.
730 3134 799 3203 buis
821 3146 918 3194 antem
945 3151 1076 3208 unquam
1099 3135 1292 3193 lunaelacum
1320 3137 1363 3193 sic
1390 3137 1601 3207 interpretatus
1626 3140 1671 3190 est
1695 3140 1811 3206 prater

514 3253 604 3294 urium
625 3232 808 3295 Iluttenum?
831 3237 942 3306 (ltrodsi
962 3239 1035 3312 qnid
1056 3240 1115 3295 tole
1135 3239 1322 3309 copitassem,
1352 3237 1407 3294 boc
1429 3236 1563 3294 uidelicet
1584 3235 1745 3293 scriberem
1767 3235 1812 3291 illi

445 3351 513 3402 §.tun
526 3341 601 3407 uiro,
624 3356 681 3412 quo
701 3342 815 3397 nullum
836 3339 962 3398 babebat
981 3339 1165 3398 Reucblinus
1186 3340 1234 3396 sui
1253 3333 1471 3396 amantiorem?
1494 3337 1600 3395 Aedtm
1622 3343 1666 3394 est
1685 3337 1915 3409 epis-totus?-

512 3441 678 3500 Ileucbb'uo
700 3444 772 3500 cristo.
818 3442 881 3500 ‘sed
897 3439 1001 3512 morti,
1024 3442 1133 3513 inquit,
1157 3438 1279 3498 uicino.
1324 3441 1381 3509 Qui
1397 3442 1483 3513 potui
1496 3440 1633 3497 diuinare
1651 3447 1742 3510 quam
1759 3437 1811 3493 diu

513 3545 643 3602 uicturus
660 3551 734 3601 essct
747 3538 952 3602 lieneblinus?
979 3559 1033 3615 eqo
1047 3549 1141 3613 certe,
1162 3550 1193 3600 ut
1208 3549 1277 3599 erat
1290 3527 1388 3600 uiuida
1405 3547 1564 3613 ueqetaqne
1590 3524 1719 3606 senoreto,
1740 3556 1811 3612 spe-

513 3645 618 3704 rabam
641 3648 723 3703 illum
744 3644 825 3703 nobis
844 3645 897 3702 diu
912 3648 1098 3718 superstitem
1116 3643 1271 3715 futurum,
1294 3650 1382 3717 atque
1404 3645 1516 3701 utinam
1536 3649 1620 3700 esset.
1663 3647 1811 3699 mortuum

501 3747 668 3820 apotbeosi
687 3749 843 3805 iuuentutis
864 3744 1019 3817 affectibus
1039 3746 1255 3816 commendaui,
1283 3754 1312 3803 et
1332 3748 1474 3803 morituro
1495 3746 1574 3803 uolui
1592 3743 1735 3817 pertidia
1755 3760 1812 3800 no-

445 3858 512 3907 §.ttn
525 3853 584 3906 tarn
602 3851 738 3914 instruere,
757 3847 833 3904 nibil
850 3849 959 3905 ueritus
979 3849 1058 3904 illius
1077 3843 1360 3920 expostulationem?
1383 3847 1440 3905 Hic
1454 3847 1600 3904 llutlenus
1621 3846 1750 3917 requirit
1767 3847 1915 3902 tes-⁵

512 3956 584 4019 stes,
609 3956 742 4017 autores,
760 3949 966 4020 probationes,
983 3948 1110 4006 breuiter
1125 3964 1238 4007 ontrrem
1253 3952 1407 4022 strepitum
1414 3949 1624 4012 tribunalium.
1670 3946 1745 4004 lure
1760 3965 1813 4004 re-

513 4051 627 4121 quirat,
650 4052 677 4106 si
697 4048 836 4120 deseram
853 4051 997 4116 amicum·
1019 4067 1099 4107 nurtc
1121 4051 1196 4109 nibil
1209 4052 1323 4108 nriuus:
1345 4053 1393 4108 rei
1408 4058 1500 4122 qestce
1516 4051 1647 4122 simples
1670 4056 1700 4106 et
1714 4050 1813 4106 amica

516 4152 652 4209 enarratio
673 4157 730 4219 est,
759 4153 788 4208 iu
811 4167 868 4224 quo
889 4166 946 4208 nou
969 4168 1083 4209 samam
1107 4155 1227 4209 inultum
1250 4168 1365 4225 operae,
1394 4167 1460 4210 cum
1484 4152 1550 4224 ipsa
1573 4167 1622 4207 res
1640 4168 1698 4223 per
1719 4168 1751 4208 se
1772 4152 1812 4208 li-

446 4264 512 4313 §.un
528 4258 625 4325 queat.
668 4250 762 4324 Atque
788 4254 836 4311 bic
862 4253 936 4311 rtttbi
954 4253 1102 4312 Huttenus
1128 4257 1258 4324 confictis
1281 4255 1434 4311 autoribus
1462 4258 1588 4311 conatur
1614 4255 1813 4326 suspicionem

514 4357 693 4428 impinqerc,
715 4357 803 4427 quasi
822 4355 879 4412 uon
898 4357 1064 4429 occeperim
1086 4356 1141 4413 boc
1162 4372 1202 4414 ex
1222 4358 1305 4425 aliis,
1330 4356 1441 4414 sodex
1459 4371 1505 4413 me
1526 4356 1733 4424 conspexerim,
1755 4353 1902 4427 quos*

512 4458 608 4516 labem
631 4473 821 4531 usperqerem
844 4456 1017 4516 Bencbliuo.
1065 4457 1168 4526 Onaso
1191 4465 1231 4527 te,
1263 4461 1367 4527 lector,
1389 4457 1525 4530 quidest
1545 4462 1604 4513 tam
1628 4458 1811 4514 maliciosum

513 4567 566 4618 (tal
581 4576 757 4639 peruersum
780 4561 860 4632 quod
880 4562 933 4617 iste
953 4575 1009 4617 non
1032 4562 1137 4631 qtruuis
1159 4560 1196 4616 de
1210 4575 1304 4616 cansa
1322 4561 1469 4632 lnptnqot
1488 4553 1605 4616 remica?
1627 4558 1718 4630 Atqui
1735 4557 1815 4630 qnod

512 4662 608 4720 scribo
631 4660 781 4732 ltoffensi,
804 4661 878 4719 mibi
894 4660 1020 4719 bolionii
1039 4662 1140 4718 retulit
1157 4661 1259 4718 doctor
1276 4660 1406 4718 Ioannes
1421 4660 1536 4728 Solius,
1557 4673 1646 4730 quum
1668 4661 1731 4717 illic
1751 4658 1811 4714 ad·

512 4770 587 4822 esset
610 4763 734 4822 Carolus
758 4763 869 4821 Casae.
913 4779 978 4820 eum
1003 4764 1098 4820 uirum
1112 4763 1167 4821 boe
1186 4764 1284 4835 pluris
1301 4761 1468 4833 faciebam,
1489 4760 1569 4834 quod
1584 4760 1810 4818 benevolentiam

579 4963 601 4995 ²⁸
620 4962 677 5027 sed]
698 4964 734 5013 cf.
753 4964 866 5026 Expost.
885 4962 909 5021 §-
922 4961 963 5010 98.
990 5021 992 5023 ‚
1011 4961 1033 4994 ³³
1052 4963 1172 5012 Ioannes
1191 4962 1323 5021 Salanus,
1343 4961 1474 5019 Atrabas,
1495 4960 1565 5009 med.
1585 4960 1624 5009 dr.
1645 4965 1810 5009 memoratur

513 5064 556 5113 up.
570 5051 698 5113 Foppsns
717 5064 741 5113 p.
756 5046 814 5095 722.
829 5061 862 5094 cx
873 5043 998 5110 Ferreoli
1016 5047 1112 5096 Locrii
1130 5044 1260 5110 catalogo
1278 5047 1441 5111 scriptorum
1455 5045 1663 5094 Artesiensium.
