<?xml version="1.0" encoding="UTF-8"?>
<!DOCTYPE html PUBLIC "-//W3C//DTD XHTML 1.0 Transitional//EN"
    "http://www.w3.org/TR/xhtml1/DTD/xhtml1-transitional.dtd">
<html xmlns="http://www.w3.org/1999/xhtml" xml:lang="en" lang="en">
 <head>
  <title>
</title>
<meta http-equiv="Content-Type" content="text/html;charset=utf-8" />
  <meta name='ocr-system' content='tesseract 3.04.00' />
  <meta name='ocr-capabilities' content='ocr_page ocr_carea ocr_par ocr_line ocrx_word'/>
</head>
<body>
  <div class='ocr_page' id='page_1' title='image "./ulrichihuttenie02huttgoog_0102.png"; bbox 0 0 4367 6084; ppageno 0'>
   <div class='ocr_carea' id='block_1_1' title="bbox 473 683 1679 786">
    <p class='ocr_par' dir='ltr' id='par_1_1' title="bbox 473 683 1679 786">
     <span class='ocr_line' id='line_1_1' title="bbox 1572 683 1584 705; baseline 0 0"><span class='ocrx_word' id='word_1_1' title='bbox 1572 683 1584 705; x_wconf 76' lang='grc' dir='ltr'><em>Ι</em></span> 
     </span>
     <span class='ocr_line' id='line_1_2' title="bbox 473 713 1679 786; baseline -0.001 -7"><span class='ocrx_word' id='word_1_2' title='bbox 473 726 604 780; x_wconf 82' lang='lat' dir='ltr'><strong>CCLXX.</strong></span> <span class='ocrx_word' id='word_1_3' title='bbox 625 740 741 776; x_wconf 75' lang='lat' dir='ltr'><strong>urcorsr</strong></span> <span class='ocrx_word' id='word_1_4' title='bbox 755 736 896 776; x_wconf 77' lang='lat' dir='ltr'><strong>cernuam</strong></span> <span class='ocrx_word' id='word_1_5' title='bbox 909 737 945 774; x_wconf 74' lang='lat' dir='ltr'><strong>an</strong></span> <span class='ocrx_word' id='word_1_6' title='bbox 958 740 1085 777; x_wconf 77' lang='lat' dir='ltr'><strong>roauruu</strong></span> <span class='ocrx_word' id='word_1_7' title='bbox 1099 739 1302 776; x_wconf 79' lang='lat' dir='ltr'><strong>scuvunenrru</strong></span> <span class='ocrx_word' id='word_1_8' title='bbox 1316 740 1358 775; x_wconf 77' lang='lat' dir='ltr'><strong>cr.</strong></span> <span class='ocrx_word' id='word_1_9' title='bbox 1373 741 1399 777; x_wconf 85' lang='lat' dir='ltr'><strong>n.</strong></span> <span class='ocrx_word' id='word_1_10' title='bbox 1413 735 1448 777; x_wconf 78' lang='lat'><strong>20.</strong></span> <span class='ocrx_word' id='word_1_11' title='bbox 1462 742 1524 780; x_wconf 81' lang='lat' dir='ltr'><strong>nec.</strong></span> <span class='ocrx_word' id='word_1_12' title='bbox 1541 737 1598 781; x_wconf 74' lang='lat'><strong>1521.</strong></span> <span class='ocrx_word' id='word_1_13' title='bbox 1636 713 1679 786; x_wconf 78' lang='lat'><strong>91</strong></span> 
     </span>
    </p>
   </div>
   <div class='ocr_carea' id='block_1_2' title="bbox 277 891 1755 2831">
    <p class='ocr_par' dir='ltr' id='par_1_2' title="bbox 277 891 1755 2661">
     <span class='ocr_line' id='line_1_3' title="bbox 379 891 1685 970; baseline 0.002 -20"><span class='ocrx_word' id='word_1_14' title='bbox 379 901 419 950; x_wconf 88' lang='lat' dir='ltr'><strong>in</strong></span> <span class='ocrx_word' id='word_1_15' title='bbox 441 915 526 950; x_wconf 88' lang='lat' dir='ltr'><strong>causa</strong></span> <span class='ocrx_word' id='word_1_16' title='bbox 551 903 579 948; x_wconf 87' lang='lat' dir='ltr'><strong>et</strong></span> <span class='ocrx_word' id='word_1_17' title='bbox 597 897 679 947; x_wconf 81' lang='lat' dir='ltr'><strong>Fidei</strong></span> <span class='ocrx_word' id='word_1_18' title='bbox 698 897 864 958; x_wconf 74' lang='lat' dir='ltr'><strong>Catholicae,</strong></span> <span class='ocrx_word' id='word_1_19' title='bbox 890 898 1046 970; x_wconf 58' lang='lat' dir='ltr'><strong>etsbndtae</strong></span> <span class='ocrx_word' id='word_1_20' title='bbox 1064 898 1194 948; x_wconf 78' lang='lat' dir='ltr'><strong>Romame</strong></span> <span class='ocrx_word' id='word_1_21' title='bbox 1218 895 1344 946; x_wconf 74' lang='lat' dir='ltr'><strong>ecclesie</strong></span> <span class='ocrx_word' id='word_1_22' title='bbox 1363 896 1494 949; x_wconf 83' lang='lat' dir='ltr'><strong>adversus</strong></span> <span class='ocrx_word' id='word_1_23' title='bbox 1511 891 1685 967; x_wconf 85' lang='lat' dir='ltr'><strong>impietatem</strong></span> 
     </span>
     <span class='ocr_line' id='line_1_4' title="bbox 383 970 1684 1049; baseline 0.002 -14"><span class='ocrx_word' id='word_1_24' title='bbox 383 1001 494 1046; x_wconf 65' lang='lat' dir='ltr'><strong>eorum,</strong></span> <span class='ocrx_word' id='word_1_25' title='bbox 520 985 567 1049; x_wconf 89' lang='lat' dir='ltr'><strong>qui</strong></span> <span class='ocrx_word' id='word_1_26' title='bbox 586 987 615 1032; x_wconf 90' lang='lat' dir='ltr'><strong>et</strong></span> <span class='ocrx_word' id='word_1_27' title='bbox 632 996 719 1034; x_wconf 80' lang='lat' dir='ltr'><strong>novas</strong></span> <span class='ocrx_word' id='word_1_28' title='bbox 738 983 862 1031; x_wconf 80' lang='lat' dir='ltr'><strong>excitare</strong></span> <span class='ocrx_word' id='word_1_29' title='bbox 880 982 1014 1044; x_wconf 72' lang='lat' dir='ltr'><strong>haereseo,</strong></span> <span class='ocrx_word' id='word_1_30' title='bbox 1042 988 1069 1031; x_wconf 88' lang='lat' dir='ltr'><strong>et</strong></span> <span class='ocrx_word' id='word_1_31' title='bbox 1087 988 1197 1032; x_wconf 86' lang='lat' dir='ltr'><strong>veteres</strong></span> <span class='ocrx_word' id='word_1_32' title='bbox 1216 997 1249 1031; x_wconf 86' lang='lat' dir='ltr'><strong>uc</strong></span> <span class='ocrx_word' id='word_1_33' title='bbox 1268 982 1414 1031; x_wconf 86' lang='lat' dir='ltr'><strong>damnatas</strong></span> <span class='ocrx_word' id='word_1_34' title='bbox 1433 999 1564 1035; x_wconf 86' lang='lat' dir='ltr'><strong>revocare</strong></span> <span class='ocrx_word' id='word_1_35' title='bbox 1583 970 1684 1037; x_wconf 77' lang='lat' dir='ltr'><strong>conan-</strong></span> 
     </span>
     <span class='ocr_line' id='line_1_5' title="bbox 381 1067 1686 1133; baseline 0.002 -13"><span class='ocrx_word' id='word_1_36' title='bbox 381 1077 446 1130; x_wconf 56' lang='lat' dir='ltr'><strong>tur,</strong></span> <span class='ocrx_word' id='word_1_37' title='bbox 470 1068 659 1129; x_wconf 84' lang='lat' dir='ltr'><strong>defendenda,</strong></span> <span class='ocrx_word' id='word_1_38' title='bbox 686 1067 783 1116; x_wconf 88' lang='lat' dir='ltr'><strong>cadem</strong></span> <span class='ocrx_word' id='word_1_39' title='bbox 801 1068 887 1131; x_wconf 60' lang='lat' dir='ltr'><strong>usque</strong></span> <span class='ocrx_word' id='word_1_40' title='bbox 906 1068 941 1117; x_wconf 85' lang='lat' dir='ltr'><strong>ud</strong></span> <span class='ocrx_word' id='word_1_41' title='bbox 960 1073 1109 1117; x_wconf 82' lang='lat' dir='ltr'><strong>extremum</strong></span> <span class='ocrx_word' id='word_1_42' title='bbox 1128 1068 1382 1133; x_wconf 65' lang='lat' dir='ltr'><strong>perseveraturam</strong></span> <span class='ocrx_word' id='word_1_43' title='bbox 1405 1068 1494 1117; x_wconf 83' lang='lat' dir='ltr'><strong>risum</strong></span> <span class='ocrx_word' id='word_1_44' title='bbox 1517 1075 1609 1120; x_wconf 87' lang='lat' dir='ltr'><strong>tamen</strong></span> <span class='ocrx_word' id='word_1_45' title='bbox 1632 1072 1686 1122; x_wconf 80' lang='lat' dir='ltr'><strong>suit</strong></span> 
     </span>
     <span class='ocr_line' id='line_1_6' title="bbox 379 1153 1686 1217; baseline 0.001 -13"><span class='ocrx_word' id='word_1_46' title='bbox 379 1156 468 1205; x_wconf 75' lang='lat' dir='ltr'><strong>mobis</strong></span> <span class='ocrx_word' id='word_1_47' title='bbox 486 1170 559 1204; x_wconf 89' lang='lat' dir='ltr'><strong>nunc</strong></span> <span class='ocrx_word' id='word_1_48' title='bbox 578 1168 640 1203; x_wconf 92' lang='lat' dir='ltr'><strong>cum</strong></span> <span class='ocrx_word' id='word_1_49' title='bbox 659 1156 766 1216; x_wconf 65' lang='lat' dir='ltr'><strong>ternpus</strong></span> <span class='ocrx_word' id='word_1_50' title='bbox 785 1154 902 1202; x_wconf 82' lang='lat' dir='ltr'><strong>maxime</strong></span> <span class='ocrx_word' id='word_1_51' title='bbox 922 1159 1104 1217; x_wconf 90' lang='lat' dir='ltr'><strong>opportunum</strong></span> <span class='ocrx_word' id='word_1_52' title='bbox 1123 1153 1215 1215; x_wconf 88' lang='lat' dir='ltr'><strong>adest,</strong></span> <span class='ocrx_word' id='word_1_53' title='bbox 1235 1167 1347 1217; x_wconf 79' lang='lat' dir='ltr'><strong>operam</strong></span> <span class='ocrx_word' id='word_1_54' title='bbox 1360 1158 1388 1201; x_wconf 89' lang='lat' dir='ltr'><strong>et</strong></span> <span class='ocrx_word' id='word_1_55' title='bbox 1401 1154 1596 1205; x_wconf 85' lang='lat' dir='ltr'><strong>auctoritatem</strong></span> <span class='ocrx_word' id='word_1_56' title='bbox 1604 1160 1686 1206; x_wconf 84' lang='lat' dir='ltr'><strong>tuam</strong></span> 
     </span>
     <span class='ocr_line' id='line_1_7' title="bbox 296 1236 1686 1305; baseline 0.004 -20"><span class='ocrx_word' id='word_1_57' title='bbox 296 1247 347 1285; x_wconf 80' lang='lat'>5</span> <span class='ocrx_word' id='word_1_58' title='bbox 387 1245 423 1288; x_wconf 83' lang='lat' dir='ltr'><strong>ut</strong></span> <span class='ocrx_word' id='word_1_59' title='bbox 439 1239 586 1289; x_wconf 81' lang='lat' dir='ltr'>adhiberes</span> <span class='ocrx_word' id='word_1_60' title='bbox 605 1237 640 1288; x_wconf 83' lang='lat' dir='ltr'><strong>ad</strong></span> <span class='ocrx_word' id='word_1_61' title='bbox 658 1236 824 1287; x_wconf 83' lang='lat' dir='ltr'><strong>refellendos</strong></span> <span class='ocrx_word' id='word_1_62' title='bbox 842 1237 960 1302; x_wconf 88' lang='lat' dir='ltr'><strong>impetus</strong></span> <span class='ocrx_word' id='word_1_63' title='bbox 978 1239 1105 1299; x_wconf 88' lang='lat' dir='ltr'><strong>istorum,</strong></span> <span class='ocrx_word' id='word_1_64' title='bbox 1126 1237 1173 1302; x_wconf 88' lang='lat' dir='ltr'><strong>qui</strong></span> <span class='ocrx_word' id='word_1_65' title='bbox 1189 1252 1247 1302; x_wconf 76' lang='lat' dir='ltr'><strong>prae</strong></span> <span class='ocrx_word' id='word_1_66' title='bbox 1265 1252 1315 1286; x_wconf 90' lang='lat' dir='ltr'><strong>sua</strong></span> <span class='ocrx_word' id='word_1_67' title='bbox 1335 1241 1362 1287; x_wconf 88' lang='lat' dir='ltr'><strong>et</strong></span> <span class='ocrx_word' id='word_1_68' title='bbox 1380 1238 1532 1298; x_wconf 58' lang='lat' dir='ltr'><strong>ambitione</strong></span> <span class='ocrx_word' id='word_1_69' title='bbox 1550 1246 1578 1288; x_wconf 87' lang='lat' dir='ltr'><strong>et</strong></span> <span class='ocrx_word' id='word_1_70' title='bbox 1590 1241 1686 1305; x_wconf 87' lang='lat' dir='ltr'><strong>iniqua</strong></span> 
     </span>
     <span class='ocr_line' id='line_1_8' title="bbox 392 1322 1684 1389; baseline 0.002 -17"><span class='ocrx_word' id='word_1_71' title='bbox 392 1324 535 1374; x_wconf 77' lang='lat' dir='ltr'><strong>iracundia</strong></span> <span class='ocrx_word' id='word_1_72' title='bbox 559 1339 656 1389; x_wconf 83' lang='lat' dir='ltr'><strong>pacem</strong></span> <span class='ocrx_word' id='word_1_73' title='bbox 680 1324 856 1388; x_wconf 84' lang='lat' dir='ltr'><strong>perturbare,</strong></span> <span class='ocrx_word' id='word_1_74' title='bbox 886 1324 996 1372; x_wconf 82' lang='lat' dir='ltr'><strong>zizania</strong></span> <span class='ocrx_word' id='word_1_75' title='bbox 1014 1322 1167 1386; x_wconf 87' lang='lat' dir='ltr'><strong>seminare,</strong></span> <span class='ocrx_word' id='word_1_76' title='bbox 1192 1322 1284 1371; x_wconf 88' lang='lat' dir='ltr'><strong>omnia</strong></span> <span class='ocrx_word' id='word_1_77' title='bbox 1309 1322 1410 1372; x_wconf 91' lang='lat' dir='ltr'><strong>acerbo</strong></span> <span class='ocrx_word' id='word_1_78' title='bbox 1434 1323 1563 1373; x_wconf 88' lang='lat' dir='ltr'><strong>inccndio</strong></span> <span class='ocrx_word' id='word_1_79' title='bbox 1585 1326 1684 1389; x_wconf 87' lang='lat' dir='ltr'><strong>permi-</strong></span> 
     </span>
     <span class='ocr_line' id='line_1_9' title="bbox 395 1401 1684 1473; baseline 0.002 -15"><span class='ocrx_word' id='word_1_80' title='bbox 395 1425 468 1458; x_wconf 84' lang='lat' dir='ltr'><strong>scere</strong></span> <span class='ocrx_word' id='word_1_81' title='bbox 482 1407 664 1470; x_wconf 84' lang='lat' dir='ltr'><strong>contendunt,</strong></span> <span class='ocrx_word' id='word_1_82' title='bbox 684 1407 735 1457; x_wconf 89' lang='lat' dir='ltr'><strong>has</strong></span> <span class='ocrx_word' id='word_1_83' title='bbox 753 1408 842 1457; x_wconf 90' lang='lat' dir='ltr'><strong>denuo</strong></span> <span class='ocrx_word' id='word_1_84' title='bbox 856 1407 892 1457; x_wconf 84' lang='lat' dir='ltr'><strong>ad</strong></span> <span class='ocrx_word' id='word_1_85' title='bbox 902 1407 1086 1457; x_wconf 88' lang='lat' dir='ltr'><strong>Nobilitatem</strong></span> <span class='ocrx_word' id='word_1_86' title='bbox 1105 1413 1181 1457; x_wconf 87' lang='lat' dir='ltr'><strong>tuam</strong></span> <span class='ocrx_word' id='word_1_87' title='bbox 1200 1407 1323 1457; x_wconf 87' lang='lat' dir='ltr'><strong>scribere</strong></span> <span class='ocrx_word' id='word_1_88' title='bbox 1341 1401 1466 1469; x_wconf 82' lang='lat' dir='ltr'><strong>litteras,</strong></span> <span class='ocrx_word' id='word_1_89' title='bbox 1486 1413 1569 1473; x_wconf 86' lang='lat' dir='ltr'><strong>teque</strong></span> <span class='ocrx_word' id='word_1_90' title='bbox 1587 1409 1616 1459; x_wconf 90' lang='lat' dir='ltr'><strong>in</strong></span> <span class='ocrx_word' id='word_1_91' title='bbox 1628 1411 1684 1460; x_wconf 91' lang='lat' dir='ltr'><strong>Do·</strong></span> 
     </span>
     <span class='ocr_line' id='line_1_10' title="bbox 394 1492 1683 1569; baseline 0.002 -27"><span class='ocrx_word' id='word_1_92' title='bbox 394 1495 463 1543; x_wconf 86' lang='lat' dir='ltr'><strong>nino</strong></span> <span class='ocrx_word' id='word_1_93' title='bbox 481 1493 662 1543; x_wconf 85' lang='lat' dir='ltr'><strong>vehementer</strong></span> <span class='ocrx_word' id='word_1_94' title='bbox 680 1492 832 1569; x_wconf 54' lang='lat' dir='ltr'><strong>exhortagi</strong></span> <span class='ocrx_word' id='word_1_95' title='bbox 857 1496 887 1542; x_wconf 87' lang='lat' dir='ltr'><strong>ut</strong></span> <span class='ocrx_word' id='word_1_96' title='bbox 911 1507 971 1542; x_wconf 91' lang='lat' dir='ltr'><strong>curn</strong></span> <span class='ocrx_word' id='word_1_97' title='bbox 990 1494 1136 1558; x_wconf 78' lang='lat' dir='ltr'><strong>pristinam</strong></span> <span class='ocrx_word' id='word_1_98' title='bbox 1155 1496 1231 1541; x_wconf 87' lang='lat' dir='ltr'><strong>tuum</strong></span> <span class='ocrx_word' id='word_1_99' title='bbox 1249 1493 1380 1541; x_wconf 87' lang='lat' dir='ltr'><strong>virtutem</strong></span> <span class='ocrx_word' id='word_1_100' title='bbox 1399 1497 1482 1557; x_wconf 83' lang='lat' dir='ltr'><strong>atque</strong></span> <span class='ocrx_word' id='word_1_101' title='bbox 1500 1494 1683 1558; x_wconf 83' lang='lat' dir='ltr'><strong>prudentiam,</strong></span> 
     </span>
     <span class='ocr_line' id='line_1_11' title="bbox 395 1573 1686 1644; baseline 0.002 -17"><span class='ocrx_word' id='word_1_102' title='bbox 395 1584 447 1627; x_wconf 86' lang='lat' dir='ltr'><strong>tum</strong></span> <span class='ocrx_word' id='word_1_103' title='bbox 465 1584 589 1627; x_wconf 88' lang='lat' dir='ltr'><strong>veterem</strong></span> <span class='ocrx_word' id='word_1_104' title='bbox 607 1577 716 1627; x_wconf 85' lang='lat' dir='ltr'><strong>laudem</strong></span> <span class='ocrx_word' id='word_1_105' title='bbox 734 1573 870 1627; x_wconf 76' lang='lat' dir='ltr'><strong>Maiarum</strong></span> <span class='ocrx_word' id='word_1_106' title='bbox 888 1582 1010 1641; x_wconf 89' lang='lat' dir='ltr'><strong>tuorum,</strong></span> <span class='ocrx_word' id='word_1_107' title='bbox 1036 1592 1150 1642; x_wconf 90' lang='lat' dir='ltr'><strong>quorum</strong></span> <span class='ocrx_word' id='word_1_108' title='bbox 1173 1577 1201 1626; x_wconf 93' lang='lat' dir='ltr'><strong>in</strong></span> <span class='ocrx_word' id='word_1_109' title='bbox 1224 1576 1297 1625; x_wconf 87' lang='lat' dir='ltr'><strong>banc</strong></span> <span class='ocrx_word' id='word_1_110' title='bbox 1315 1581 1442 1627; x_wconf 85' lang='lat' dir='ltr'><strong>sanctam</strong></span> <span class='ocrx_word' id='word_1_111' title='bbox 1461 1577 1560 1628; x_wconf 84' lang='lat' dir='ltr'><strong>Sedem</strong></span> <span class='ocrx_word' id='word_1_112' title='bbox 1577 1593 1686 1644; x_wconf 83' lang='lat' dir='ltr'><strong>semper</strong></span> 
     </span>
     <span class='ocr_line' id='line_1_12' title="bbox 277 1661 1686 1728; baseline 0.004 -17"><span class='ocrx_word' id='word_1_113' title='bbox 277 1665 357 1704; x_wconf 65' lang='grc'><strong>»0</strong></span> <span class='ocrx_word' id='word_1_114' title='bbox 399 1662 521 1728; x_wconf 79' lang='lat' dir='ltr'><strong>preclara</strong></span> <span class='ocrx_word' id='word_1_115' title='bbox 540 1663 633 1712; x_wconf 83' lang='lat' dir='ltr'><strong>extitit</strong></span> <span class='ocrx_word' id='word_1_116' title='bbox 650 1662 791 1724; x_wconf 88' lang='lat' dir='ltr'><strong>voluntas,</strong></span> <span class='ocrx_word' id='word_1_117' title='bbox 812 1662 840 1710; x_wconf 87' lang='lat' dir='ltr'><strong>iu</strong></span> <span class='ocrx_word' id='word_1_118' title='bbox 858 1661 909 1711; x_wconf 89' lang='lat' dir='ltr'><strong>hoc</strong></span> <span class='ocrx_word' id='word_1_119' title='bbox 928 1662 1045 1711; x_wconf 83' lang='lat' dir='ltr'><strong>maxime</strong></span> <span class='ocrx_word' id='word_1_120' title='bbox 1065 1662 1156 1724; x_wconf 71' lang='lat' dir='ltr'><strong>tacto,</strong></span> <span class='ocrx_word' id='word_1_121' title='bbox 1176 1661 1228 1711; x_wconf 91' lang='lat' dir='ltr'><strong>hoc</strong></span> <span class='ocrx_word' id='word_1_122' title='bbox 1245 1662 1384 1726; x_wconf 74' lang='lat' dir='ltr'><strong>praecipue</strong></span> <span class='ocrx_word' id='word_1_123' title='bbox 1403 1666 1539 1727; x_wconf 84' lang='lat' dir='ltr'><strong>tompore,</strong></span> <span class='ocrx_word' id='word_1_124' title='bbox 1559 1662 1686 1716; x_wconf 85' lang='lat' dir='ltr'><strong>Concilio</strong></span> 
     </span>
     <span class='ocr_line' id='line_1_13' title="bbox 400 1747 1685 1812; baseline 0.003 -16"><span class='ocrx_word' id='word_1_125' title='bbox 400 1749 475 1797; x_wconf 85' lang='lat' dir='ltr'><strong>totius</strong></span> <span class='ocrx_word' id='word_1_126' title='bbox 493 1747 650 1797; x_wconf 75' lang='lat' dir='ltr'><strong>Germanice</strong></span> <span class='ocrx_word' id='word_1_127' title='bbox 669 1762 812 1812; x_wconf 86' lang='lat' dir='ltr'><strong>procerum</strong></span> <span class='ocrx_word' id='word_1_128' title='bbox 832 1752 943 1810; x_wconf 87' lang='lat' dir='ltr'><strong>coacto,</strong></span> <span class='ocrx_word' id='word_1_129' title='bbox 965 1762 1136 1812; x_wconf 81' lang='lat' dir='ltr'><strong>expromere,</strong></span> <span class='ocrx_word' id='word_1_130' title='bbox 1157 1751 1186 1796; x_wconf 87' lang='lat' dir='ltr'><strong>et</strong></span> <span class='ocrx_word' id='word_1_131' title='bbox 1202 1747 1378 1811; x_wconf 84' lang='lat' dir='ltr'><strong>perspicuam</strong></span> <span class='ocrx_word' id='word_1_132' title='bbox 1395 1747 1520 1796; x_wconf 90' lang='lat' dir='ltr'><strong>omnibus</strong></span> <span class='ocrx_word' id='word_1_133' title='bbox 1538 1748 1632 1797; x_wconf 84' lang='lat' dir='ltr'><strong>facere</strong></span> <span class='ocrx_word' id='word_1_134' title='bbox 1652 1766 1685 1800; x_wconf 90' lang='lat' dir='ltr'><strong>ac</strong></span> 
     </span>
     <span class='ocr_line' id='line_1_14' title="bbox 402 1831 1685 1896; baseline 0.001 -15"><span class='ocrx_word' id='word_1_135' title='bbox 402 1839 503 1881; x_wconf 82' lang='lat' dir='ltr'><strong>causam</strong></span> <span class='ocrx_word' id='word_1_136' title='bbox 521 1838 625 1882; x_wconf 73' lang='lat' dir='ltr'><strong>sanctae</strong></span> <span class='ocrx_word' id='word_1_137' title='bbox 643 1832 774 1880; x_wconf 85' lang='lat' dir='ltr'><strong>Romanae</strong></span> <span class='ocrx_word' id='word_1_138' title='bbox 794 1831 922 1881; x_wconf 84' lang='lat' dir='ltr'><strong>ecclcsiae</strong></span> <span class='ocrx_word' id='word_1_139' title='bbox 941 1835 1102 1881; x_wconf 80' lang='lat' dir='ltr'><strong>constanter</strong></span> <span class='ocrx_word' id='word_1_140' title='bbox 1119 1831 1192 1880; x_wconf 88' lang='lat' dir='ltr'><strong>tucri</strong></span> <span class='ocrx_word' id='word_1_141' title='bbox 1211 1831 1343 1883; x_wconf 81' lang='lat' dir='ltr'><strong>adversus</strong></span> <span class='ocrx_word' id='word_1_142' title='bbox 1366 1831 1568 1896; x_wconf 82' lang='lat' dir='ltr'><strong>malignitatem</strong></span> <span class='ocrx_word' id='word_1_143' title='bbox 1588 1838 1616 1882; x_wconf 91' lang='lat' dir='ltr'><strong>ct</strong></span> <span class='ocrx_word' id='word_1_144' title='bbox 1634 1835 1685 1883; x_wconf 91' lang='lat' dir='ltr'><strong>ini·</strong></span> 
     </span>
     <span class='ocr_line' id='line_1_15' title="bbox 403 1915 1686 1981; baseline 0.003 -16"><span class='ocrx_word' id='word_1_145' title='bbox 403 1933 446 1981; x_wconf 87' lang='lat' dir='ltr'><strong>qua</strong></span> <span class='ocrx_word' id='word_1_146' title='bbox 464 1917 582 1967; x_wconf 85' lang='lat' dir='ltr'><strong>consilia</strong></span> <span class='ocrx_word' id='word_1_147' title='bbox 599 1932 730 1967; x_wconf 85' lang='lat' dir='ltr'><strong>novorum</strong></span> <span class='ocrx_word' id='word_1_148' title='bbox 748 1916 937 1966; x_wconf 74' lang='lat' dir='ltr'><strong>baereticorum</strong></span> <span class='ocrx_word' id='word_1_149' title='bbox 955 1915 1056 1978; x_wconf 72' lang='lat' dir='ltr'><strong>velles,</strong></span> <span class='ocrx_word' id='word_1_150' title='bbox 1074 1921 1106 1965; x_wconf 92' lang='lat' dir='ltr'><strong>ut</strong></span> <span class='ocrx_word' id='word_1_151' title='bbox 1123 1920 1225 1981; x_wconf 84' lang='lat' dir='ltr'><strong>praeter</strong></span> <span class='ocrx_word' id='word_1_152' title='bbox 1242 1931 1355 1965; x_wconf 69' lang='lat' dir='ltr'><strong>cucusam</strong></span> <span class='ocrx_word' id='word_1_153' title='bbox 1372 1916 1466 1980; x_wconf 83' lang='lat' dir='ltr'><strong>Fidei,</strong></span> <span class='ocrx_word' id='word_1_154' title='bbox 1487 1917 1516 1966; x_wconf 90' lang='lat' dir='ltr'><strong>iu</strong></span> <span class='ocrx_word' id='word_1_155' title='bbox 1535 1919 1612 1968; x_wconf 91' lang='lat' dir='ltr'><strong>cuius</strong></span> <span class='ocrx_word' id='word_1_156' title='bbox 1630 1920 1686 1969; x_wconf 90' lang='lat' dir='ltr'><strong>sin·</strong></span> 
     </span>
     <span class='ocr_line' id='line_1_16' title="bbox 403 1998 1685 2068; baseline 0.002 -18"><span class='ocrx_word' id='word_1_157' title='bbox 403 2003 508 2052; x_wconf 73' lang='lat' dir='ltr'><strong>caritate</strong></span> <span class='ocrx_word' id='word_1_158' title='bbox 528 2007 610 2067; x_wconf 84' lang='lat' dir='ltr'><strong>atque</strong></span> <span class='ocrx_word' id='word_1_159' title='bbox 628 2002 736 2051; x_wconf 84' lang='lat' dir='ltr'><strong>unitate</strong></span> <span class='ocrx_word' id='word_1_160' title='bbox 756 1998 831 2050; x_wconf 85' lang='lat' dir='ltr'><strong>salus</strong></span> <span class='ocrx_word' id='word_1_161' title='bbox 850 2001 969 2050; x_wconf 89' lang='lat' dir='ltr'><strong>omnium</strong></span> <span class='ocrx_word' id='word_1_162' title='bbox 986 2005 1109 2050; x_wconf 90' lang='lat' dir='ltr'><strong>nostrum</strong></span> <span class='ocrx_word' id='word_1_163' title='bbox 1128 2001 1270 2062; x_wconf 79' lang='lat' dir='ltr'><strong>consistit,</strong></span> <span class='ocrx_word' id='word_1_164' title='bbox 1295 2002 1445 2050; x_wconf 87' lang='lat' dir='ltr'><strong>communis</strong></span> <span class='ocrx_word' id='word_1_165' title='bbox 1469 2002 1554 2052; x_wconf 85' lang='lat' dir='ltr'><strong>etiarn</strong></span> <span class='ocrx_word' id='word_1_166' title='bbox 1571 2019 1625 2068; x_wconf 80' lang='lat' dir='ltr'><strong>pax</strong></span> <span class='ocrx_word' id='word_1_167' title='bbox 1644 2008 1685 2053; x_wconf 88' lang='lat' dir='ltr'><strong>at-</strong></span> 
     </span>
     <span class='ocr_line' id='line_1_17' title="bbox 281 2083 1685 2151; baseline 0.003 -16"><span class='ocrx_word' id='word_1_168' title='bbox 281 2083 304 2120; x_wconf 69' lang='grc' dir='ltr'>ί</span> <span class='ocrx_word' id='word_1_169' title='bbox 328 2086 380 2125; x_wconf 77' lang='grc'><strong>5</strong></span> <span class='ocrx_word' id='word_1_170' title='bbox 403 2102 445 2151; x_wconf 86' lang='lat' dir='ltr'><strong>que</strong></span> <span class='ocrx_word' id='word_1_171' title='bbox 463 2086 611 2137; x_wconf 85' lang='lat' dir='ltr'><strong>concordia</strong></span> <span class='ocrx_word' id='word_1_172' title='bbox 629 2090 656 2135; x_wconf 91' lang='lat' dir='ltr'><strong>te</strong></span> <span class='ocrx_word' id='word_1_173' title='bbox 676 2101 782 2151; x_wconf 90' lang='lat' dir='ltr'><strong>quoquc</strong></span> <span class='ocrx_word' id='word_1_174' title='bbox 801 2089 914 2135; x_wconf 86' lang='lat' dir='ltr'><strong>auctore</strong></span> <span class='ocrx_word' id='word_1_175' title='bbox 934 2089 962 2134; x_wconf 86' lang='lat' dir='ltr'><strong>et</strong></span> <span class='ocrx_word' id='word_1_176' title='bbox 980 2085 1125 2135; x_wconf 84' lang='lat' dir='ltr'><strong>defensore</strong></span> <span class='ocrx_word' id='word_1_177' title='bbox 1144 2084 1289 2135; x_wconf 89' lang='lat' dir='ltr'><strong>incolumis</strong></span> <span class='ocrx_word' id='word_1_178' title='bbox 1306 2091 1496 2135; x_wconf 83' lang='lat' dir='ltr'><strong>conservetur:</strong></span> <span class='ocrx_word' id='word_1_179' title='bbox 1521 2088 1591 2151; x_wconf 90' lang='lat' dir='ltr'><strong>quod</strong></span> <span class='ocrx_word' id='word_1_180' title='bbox 1610 2094 1685 2140; x_wconf 83' lang='lat' dir='ltr'><strong>certe</strong></span> 
     </span>
     <span class='ocr_line' id='line_1_18' title="bbox 403 2158 1686 2237; baseline 0.003 -18"><span class='ocrx_word' id='word_1_181' title='bbox 403 2171 582 2235; x_wconf 77' lang='lat' dir='ltr'><strong>dignissimum</strong></span> <span class='ocrx_word' id='word_1_182' title='bbox 602 2187 636 2220; x_wconf 85' lang='lat' dir='ltr'><strong>ea</strong></span> <span class='ocrx_word' id='word_1_183' title='bbox 655 2186 709 2236; x_wconf 87' lang='lat' dir='ltr'><strong>qua</strong></span> <span class='ocrx_word' id='word_1_184' title='bbox 729 2170 818 2237; x_wconf 82' lang='lat' dir='ltr'><strong>fulges</strong></span> <span class='ocrx_word' id='word_1_185' title='bbox 837 2175 866 2220; x_wconf 89' lang='lat' dir='ltr'><strong>ot</strong></span> <span class='ocrx_word' id='word_1_186' title='bbox 885 2170 969 2220; x_wconf 90' lang='lat' dir='ltr'><strong>animi</strong></span> <span class='ocrx_word' id='word_1_187' title='bbox 989 2158 1021 2220; x_wconf 68' lang='lat' dir='ltr'><strong>ei</strong></span> <span class='ocrx_word' id='word_1_188' title='bbox 1029 2170 1140 2236; x_wconf 84' lang='lat' dir='ltr'><strong>generis</strong></span> <span class='ocrx_word' id='word_1_189' title='bbox 1153 2168 1315 2231; x_wconf 85' lang='lat' dir='ltr'><strong>nobilitato,</strong></span> <span class='ocrx_word' id='word_1_190' title='bbox 1335 2170 1450 2235; x_wconf 87' lang='lat' dir='ltr'><strong>Dcoque</strong></span> <span class='ocrx_word' id='word_1_191' title='bbox 1464 2173 1686 2237; x_wconf 84' lang='lat' dir='ltr'><strong>acceptissimum</strong></span> 
     </span>
     <span class='ocr_line' id='line_1_19' title="bbox 404 2239 1754 2323; baseline 0.001 -19"><span class='ocrx_word' id='word_1_192' title='bbox 404 2256 510 2305; x_wconf 80' lang='lat' dir='ltr'><strong>futurum</strong></span> <span class='ocrx_word' id='word_1_193' title='bbox 530 2261 586 2316; x_wconf 84' lang='lat' dir='ltr'><strong>est;</strong></span> <span class='ocrx_word' id='word_1_194' title='bbox 605 2256 685 2305; x_wconf 90' lang='lat' dir='ltr'><strong>nobis</strong></span> <span class='ocrx_word' id='word_1_195' title='bbox 703 2272 781 2318; x_wconf 83' lang='lat' dir='ltr'><strong>vero,</strong></span> <span class='ocrx_word' id='word_1_196' title='bbox 806 2257 853 2321; x_wconf 90' lang='lat' dir='ltr'><strong>qui</strong></span> <span class='ocrx_word' id='word_1_197' title='bbox 870 2261 926 2305; x_wconf 86' lang='lat' dir='ltr'><strong>tuae</strong></span> <span class='ocrx_word' id='word_1_198' title='bbox 945 2255 1093 2305; x_wconf 82' lang='lat' dir='ltr'><strong>Nobilitati</strong></span> <span class='ocrx_word' id='word_1_199' title='bbox 1113 2270 1146 2303; x_wconf 90' lang='lat' dir='ltr'><strong>ex</strong></span> <span class='ocrx_word' id='word_1_200' title='bbox 1165 2255 1256 2303; x_wconf 87' lang='lat' dir='ltr'><strong>animo</strong></span> <span class='ocrx_word' id='word_1_201' title='bbox 1275 2270 1383 2319; x_wconf 77' lang='lat' dir='ltr'><strong>semper</strong></span> <span class='ocrx_word' id='word_1_202' title='bbox 1401 2254 1533 2319; x_wconf 82' lang='lat' dir='ltr'><strong>favimus,</strong></span> <span class='ocrx_word' id='word_1_203' title='bbox 1559 2259 1685 2323; x_wconf 80' lang='lat' dir='ltr'><strong>gratissi·</strong></span> <span class='ocrx_word' id='word_1_204' title='bbox 1725 2239 1754 2281; x_wconf 36' lang='lat' dir='ltr'><strong>&#39;T</strong></span> 
     </span>
     <span class='ocr_line' id='line_1_20' title="bbox 403 2337 1755 2405; baseline 0.002 -17"><span class='ocrx_word' id='word_1_205' title='bbox 403 2356 476 2401; x_wconf 77' lang='lat' dir='ltr'><strong>nmn3</strong></span> <span class='ocrx_word' id='word_1_206' title='bbox 498 2342 574 2390; x_wconf 90' lang='lat' dir='ltr'><strong>sicut</strong></span> <span class='ocrx_word' id='word_1_207' title='bbox 591 2347 683 2391; x_wconf 90' lang='lat' dir='ltr'><strong>tecum</strong></span> <span class='ocrx_word' id='word_1_208' title='bbox 701 2341 786 2390; x_wconf 85' lang='lat' dir='ltr'><strong>iatius</strong></span> <span class='ocrx_word' id='word_1_209' title='bbox 805 2341 902 2391; x_wconf 87' lang='lat' dir='ltr'><strong>dilecti</strong></span> <span class='ocrx_word' id='word_1_210' title='bbox 920 2340 972 2390; x_wconf 91' lang='lat' dir='ltr'><strong>filii</strong></span> <span class='ocrx_word' id='word_1_211' title='bbox 989 2340 1114 2390; x_wconf 87' lang='lat' dir='ltr'><strong>Marinus</strong></span> <span class='ocrx_word' id='word_1_212' title='bbox 1129 2337 1314 2405; x_wconf 68' lang='lat' dir='ltr'><strong>&#39;caracciolus</strong></span> <span class='ocrx_word' id='word_1_213' title='bbox 1337 2344 1365 2390; x_wconf 88' lang='lat' dir='ltr'><strong>et</strong></span> <span class='ocrx_word' id='word_1_214' title='bbox 1382 2340 1567 2404; x_wconf 87' lang='lat' dir='ltr'><strong>Hieronymus</strong></span> <span class='ocrx_word' id='word_1_215' title='bbox 1584 2342 1686 2392; x_wconf 88' lang='lat' dir='ltr'><strong>Aleau·</strong></span> <span class='ocrx_word' id='word_1_216' title='bbox 1748 2339 1755 2354; x_wconf 73' lang='lat'>²</span> 
     </span>
     <span class='ocr_line' id='line_1_21' title="bbox 403 2415 1685 2490; baseline 0.002 -16"><span class='ocrx_word' id='word_1_217' title='bbox 403 2424 453 2487; x_wconf 87' lang='lat' dir='ltr'><strong>der,</strong></span> <span class='ocrx_word' id='word_1_218' title='bbox 472 2426 576 2475; x_wconf 88' lang='lat' dir='ltr'><strong>notarii</strong></span> <span class='ocrx_word' id='word_1_219' title='bbox 596 2431 624 2475; x_wconf 87' lang='lat' dir='ltr'><strong>ot</strong></span> <span class='ocrx_word' id='word_1_220' title='bbox 641 2427 737 2475; x_wconf 90' lang='lat' dir='ltr'><strong>nuncii</strong></span> <span class='ocrx_word' id='word_1_221' title='bbox 755 2427 855 2487; x_wconf 89' lang='lat' dir='ltr'><strong>nostri,</strong></span> <span class='ocrx_word' id='word_1_222' title='bbox 875 2430 969 2475; x_wconf 88' lang='lat' dir='ltr'><strong>nostro</strong></span> <span class='ocrx_word' id='word_1_223' title='bbox 988 2426 1098 2476; x_wconf 89' lang='lat' dir='ltr'><strong>nominc</strong></span> <span class='ocrx_word' id='word_1_224' title='bbox 1118 2415 1217 2490; x_wconf 84' lang='lat' dir='ltr'><strong>agent,</strong></span> <span class='ocrx_word' id='word_1_225' title='bbox 1236 2424 1335 2489; x_wconf 87' lang='lat' dir='ltr'><strong>quibus</strong></span> <span class='ocrx_word' id='word_1_226' title='bbox 1353 2439 1486 2473; x_wconf 88' lang='lat' dir='ltr'><strong>summam</strong></span> <span class='ocrx_word' id='word_1_227' title='bbox 1504 2425 1584 2475; x_wconf 87' lang='lat' dir='ltr'><strong>fidem</strong></span> <span class='ocrx_word' id='word_1_228' title='bbox 1602 2427 1685 2477; x_wconf 91' lang='lat' dir='ltr'><strong>Nobi-</strong></span> 
     </span>
     <span class='ocr_line' id='line_1_22' title="bbox 319 2501 1460 2561; baseline 0.004 -5"><span class='ocrx_word' id='word_1_229' title='bbox 319 2501 458 2560; x_wconf 72' lang='lat' dir='ltr'><strong>201itas</strong></span> <span class='ocrx_word' id='word_1_230' title='bbox 475 2516 525 2560; x_wconf 86' lang='lat' dir='ltr'><strong>tua</strong></span> <span class='ocrx_word' id='word_1_231' title='bbox 543 2509 670 2560; x_wconf 86' lang='lat' dir='ltr'><strong>habebit.</strong></span> <span class='ocrx_word' id='word_1_232' title='bbox 705 2512 809 2560; x_wconf 87' lang='lat' dir='ltr'><strong>Datum</strong></span> <span class='ocrx_word' id='word_1_233' title='bbox 826 2510 920 2560; x_wconf 83' lang='lat' dir='ltr'><strong>Romae</strong></span> <span class='ocrx_word' id='word_1_234' title='bbox 939 2510 984 2561; x_wconf 91' lang='lat' dir='ltr'><strong>die</strong></span> <span class='ocrx_word' id='word_1_235' title='bbox 1002 2510 1060 2560; x_wconf 73' lang='lat' dir='ltr'><strong>rvr.</strong></span> <span class='ocrx_word' id='word_1_236' title='bbox 1070 2507 1144 2559; x_wconf 87' lang='lat' dir='ltr'><strong>Maii</strong></span> <span class='ocrx_word' id='word_1_237' title='bbox 1163 2508 1236 2560; x_wconf 79' lang='lat'>1521.</span> <span class='ocrx_word' id='word_1_238' title='bbox 1255 2509 1334 2559; x_wconf 80' lang='lat' dir='ltr'><strong>Anno</strong></span> <span class='ocrx_word' id='word_1_239' title='bbox 1352 2514 1460 2560; x_wconf 87' lang='lat' dir='ltr'><strong>octavo.</strong></span> 
     </span>
     <span class='ocr_line' id='line_1_23' title="bbox 1442 2593 1619 2661; baseline 0.017 -18"><span class='ocrx_word' id='word_1_240' title='bbox 1442 2593 1619 2661; x_wconf 60' lang='lat' dir='ltr'><strong>[Sudoletusj</strong></span> 
     </span>
    </p>

    <p class='ocr_par' dir='ltr' id='par_1_3' title="bbox 459 2678 1686 2743">
     <span class='ocr_line' id='line_1_24' title="bbox 459 2678 1686 2743; baseline 0.002 -13"><span class='ocrx_word' id='word_1_241' title='bbox 459 2681 648 2730; x_wconf 68' lang='lat' dir='ltr'><strong>consimillimae</strong></span> <span class='ocrx_word' id='word_1_242' title='bbox 665 2682 766 2729; x_wconf 75' lang='lat' dir='ltr'><strong>litteras</strong></span> <span class='ocrx_word' id='word_1_243' title='bbox 783 2681 858 2729; x_wconf 82' lang='lat' dir='ltr'><strong>etium</strong></span> <span class='ocrx_word' id='word_1_244' title='bbox 881 2678 916 2729; x_wconf 77' lang='lat' dir='ltr'><strong>ad</strong></span> <span class='ocrx_word' id='word_1_245' title='bbox 933 2683 997 2729; x_wconf 78' lang='lat' dir='ltr'><strong>aiios</strong></span> <span class='ocrx_word' id='word_1_246' title='bbox 1014 2681 1146 2743; x_wconf 70' lang='lat' dir='ltr'><strong>principes</strong></span> <span class='ocrx_word' id='word_1_247' title='bbox 1164 2683 1287 2729; x_wconf 74' lang='lat' dir='ltr'><strong>elector-es</strong></span> <span class='ocrx_word' id='word_1_248' title='bbox 1301 2682 1430 2743; x_wconf 73' lang='lat' dir='ltr'><strong>pontificib</strong></span> <span class='ocrx_word' id='word_1_249' title='bbox 1448 2683 1544 2731; x_wconf 81' lang='lat' dir='ltr'><strong>nominc</strong></span> <span class='ocrx_word' id='word_1_250' title='bbox 1562 2683 1686 2732; x_wconf 69' lang='lat' dir='ltr'><strong>dictitan-</strong></span> 
     </span>
    </p>

    <p class='ocr_par' dir='ltr' id='par_1_4' title="bbox 401 2763 1404 2831">
     <span class='ocr_line' id='line_1_25' title="bbox 401 2763 1404 2831; baseline 0.005 -19"><span class='ocrx_word' id='word_1_251' title='bbox 401 2765 438 2813; x_wconf 81' lang='lat' dir='ltr'><strong>dus</strong></span> <span class='ocrx_word' id='word_1_252' title='bbox 454 2770 477 2816; x_wconf 84' lang='lat' dir='ltr'><strong>d.</strong></span> <span class='ocrx_word' id='word_1_253' title='bbox 493 2768 520 2815; x_wconf 74' lang='grc'><strong>4.</strong></span> <span class='ocrx_word' id='word_1_254' title='bbox 535 2766 606 2814; x_wconf 77' lang='lat' dir='ltr'><strong>Maii</strong></span> <span class='ocrx_word' id='word_1_255' title='bbox 622 2765 701 2814; x_wconf 78' lang='lat' dir='ltr'><strong>eiusd.</strong></span> <span class='ocrx_word' id='word_1_256' title='bbox 716 2781 740 2814; x_wconf 87' lang='lat' dir='ltr'><strong>a.</strong></span> <span class='ocrx_word' id='word_1_257' title='bbox 753 2768 897 2830; x_wconf 75' lang='lat' dir='ltr'><strong>empserat</strong></span> <span class='ocrx_word' id='word_1_258' title='bbox 913 2765 1058 2815; x_wconf 79' lang='lat' dir='ltr'><strong>Sadoletue.</strong></span> <span class='ocrx_word' id='word_1_259' title='bbox 1096 2763 1140 2814; x_wconf 83' lang='lat' dir='ltr'><strong>cf.</strong></span> <span class='ocrx_word' id='word_1_260' title='bbox 1153 2764 1220 2814; x_wconf 89' lang='lat' dir='ltr'><strong>ibid.</strong></span> <span class='ocrx_word' id='word_1_261' title='bbox 1235 2781 1260 2828; x_wconf 88' lang='lat' dir='ltr'><strong>p.</strong></span> <span class='ocrx_word' id='word_1_262' title='bbox 1273 2763 1332 2814; x_wconf 81' lang='lat'><strong>416.</strong></span> <span class='ocrx_word' id='word_1_263' title='bbox 1346 2780 1404 2831; x_wconf 86' lang='lat' dir='ltr'><strong>sqq.</strong></span> 
     </span>
    </p>
   </div>
   <div class='ocr_carea' id='block_1_3' title="bbox 408 3200 1668 3286">
    <p class='ocr_par' dir='ltr' id='par_1_5' title="bbox 408 3200 1668 3286">
     <span class='ocr_line' id='line_1_26' title="bbox 408 3200 1668 3286; baseline 0 -15"><span class='ocrx_word' id='word_1_264' title='bbox 408 3218 633 3286; x_wconf 67' lang='lat' dir='ltr'><strong>[inamoena]</strong></span> <span class='ocrx_word' id='word_1_265' title='bbox 943 3200 1132 3278; x_wconf 80' lang='lat' dir='ltr'><strong>COLXX.</strong></span> <span class='ocrx_word' id='word_1_266' title='bbox 1483 3229 1518 3269; x_wconf 77' lang='lat' dir='ltr'><strong>ro.</strong></span> <span class='ocrx_word' id='word_1_267' title='bbox 1533 3237 1594 3270; x_wconf 73' lang='lat' dir='ltr'><strong>nac.</strong></span> <span class='ocrx_word' id='word_1_268' title='bbox 1610 3231 1668 3271; x_wconf 74' lang='lat' dir='ltr'><strong>rear.</strong></span> 
     </span>
    </p>
   </div>
   <div class='ocr_carea' id='block_1_4' title="bbox 397 3291 1687 3302">
    <p class='ocr_par' dir='ltr' id='par_1_6' title="bbox 397 3291 1687 3302">
     <span class='ocr_line' id='line_1_27' title="bbox 397 3291 1687 3302; baseline 0 -2"><span class='ocrx_word' id='word_1_269' title='bbox 397 3291 646 3302; x_wconf 50' lang='lat' dir='ltr'><em>w</em></span> <span class='ocrx_word' id='word_1_270' title='bbox 1467 3292 1687 3302; x_wconf 73' lang='lat'>——-.-.</span> 
     </span>
    </p>
   </div>
   <div class='ocr_carea' id='block_1_5' title="bbox 368 3376 1318 3520">
    <p class='ocr_par' dir='ltr' id='par_1_7' title="bbox 368 3376 1318 3520">
     <span class='ocr_line' id='line_1_28' title="bbox 368 3376 1318 3464; baseline -0.004 -29"><span class='ocrx_word' id='word_1_271' title='bbox 368 3385 392 3427; x_wconf 52' lang='grc' dir='ltr'>ὅ</span> <span class='ocrx_word' id='word_1_272' title='bbox 673 3392 676 3394; x_wconf 87' lang='grc'><strong><em>·</em></strong></span> <span class='ocrx_word' id='word_1_273' title='bbox 850 3377 1011 3434; x_wconf 68' lang='lat' dir='ltr'><strong>Nicotaus</strong></span> <span class='ocrx_word' id='word_1_274' title='bbox 1033 3376 1233 3433; x_wconf 75' lang='lat' dir='ltr'>GERBELLIVS</span> <span class='ocrx_word' id='word_1_275' title='bbox 1314 3457 1318 3464; x_wconf 20' lang='grc' dir='ltr'>ἱ</span> 
     </span>
     <span class='ocr_line' id='line_1_29' title="bbox 877 3476 1204 3520; baseline -0.006 -1"><span class='ocrx_word' id='word_1_276' title='bbox 877 3477 1102 3520; x_wconf 75' lang='lat' dir='ltr'><strong>nvuarussruo</strong></span> <span class='ocrx_word' id='word_1_277' title='bbox 1125 3476 1204 3518; x_wconf 78' lang='lat' dir='ltr'><strong>vrso</strong></span> 
     </span>
    </p>
   </div>
   <div class='ocr_carea' id='block_1_6' title="bbox 765 3557 1320 3679">
    <p class='ocr_par' dir='ltr' id='par_1_8' title="bbox 765 3557 1320 3679">
     <span class='ocr_line' id='line_1_30' title="bbox 765 3557 1320 3634; baseline -0.007 -25"><span class='ocrx_word' id='word_1_278' title='bbox 765 3559 910 3610; x_wconf 86' lang='lat' dir='ltr'><strong>DOMINO</strong></span> <span class='ocrx_word' id='word_1_279' title='bbox 929 3560 1058 3611; x_wconf 81' lang='lat' dir='ltr'>IOANNI</span> <span class='ocrx_word' id='word_1_280' title='bbox 1076 3557 1320 3634; x_wconf 56' lang='lat' dir='ltr'>SCHWssBELIO</span> 
     </span>
     <span class='ocr_line' id='line_1_31' title="bbox 866 3641 1211 3679; baseline -0.003 -2"><span class='ocrx_word' id='word_1_281' title='bbox 866 3644 969 3678; x_wconf 70' lang='lat' dir='ltr'><strong>enarer</strong></span> <span class='ocrx_word' id='word_1_282' title='bbox 990 3644 1041 3679; x_wconf 83' lang='lat' dir='ltr'><strong>svo</strong></span> <span class='ocrx_word' id='word_1_283' title='bbox 1059 3641 1211 3677; x_wconf 68' lang='lat' dir='ltr'><strong>srunnrwc.</strong></span> 
     </span>
    </p>
   </div>
   <div class='ocr_carea' id='block_1_7' title="bbox 372 3749 1689 4417">
    <p class='ocr_par' dir='ltr' id='par_1_9' title="bbox 372 3749 1689 4417">
     <span class='ocr_line' id='line_1_32' title="bbox 475 3749 1686 3811; baseline -0.001 -4"><span class='ocrx_word' id='word_1_284' title='bbox 475 3749 603 3808; x_wconf 78' lang='lat' dir='ltr'><strong>Nicotaus</strong></span> <span class='ocrx_word' id='word_1_285' title='bbox 626 3749 767 3806; x_wconf 83' lang='lat' dir='ltr'><strong>Gerbelius</strong></span> <span class='ocrx_word' id='word_1_286' title='bbox 790 3750 816 3806; x_wconf 90' lang='lat' dir='ltr'><strong>S.</strong></span> <span class='ocrx_word' id='word_1_287' title='bbox 841 3751 868 3806; x_wconf 88' lang='lat' dir='ltr'><strong>in</strong></span> <span class='ocrx_word' id='word_1_288' title='bbox 890 3751 998 3807; x_wconf 83' lang='lat' dir='ltr'><strong>Christo</strong></span> <span class='ocrx_word' id='word_1_289' title='bbox 1021 3752 1089 3807; x_wconf 80' lang='lat' dir='ltr'><strong>iesu.</strong></span> <span class='ocrx_word' id='word_1_290' title='bbox 1134 3751 1259 3807; x_wconf 84' lang='lat' dir='ltr'><strong>Pervenit</strong></span> <span class='ocrx_word' id='word_1_291' title='bbox 1290 3751 1321 3806; x_wconf 82' lang='lat' dir='ltr'><strong>ad</strong></span> <span class='ocrx_word' id='word_1_292' title='bbox 1349 3767 1392 3804; x_wconf 85' lang='lat' dir='ltr'><strong>ure</strong></span> <span class='ocrx_word' id='word_1_293' title='bbox 1421 3749 1515 3811; x_wconf 84' lang='lat' dir='ltr'><strong>bodie,</strong></span> <span class='ocrx_word' id='word_1_294' title='bbox 1545 3768 1605 3806; x_wconf 86' lang='lat' dir='ltr'><strong>cum</strong></span> <span class='ocrx_word' id='word_1_295' title='bbox 1635 3750 1686 3806; x_wconf 82' lang='lat' dir='ltr'><strong>iam</strong></span> 
     </span>
     <span class='ocr_line' id='line_1_33' title="bbox 372 3834 1686 3910; baseline 0.001 -20"><span class='ocrx_word' id='word_1_296' title='bbox 372 3834 528 3909; x_wconf 66' lang='lat' dir='ltr'><strong>⁸⁰prandere</strong></span> <span class='ocrx_word' id='word_1_297' title='bbox 551 3836 707 3910; x_wconf 78' lang='lat' dir='ltr'><strong>coepisseu,</strong></span> <span class='ocrx_word' id='word_1_298' title='bbox 731 3836 927 3892; x_wconf 83' lang='lat' dir='ltr'><strong>Bartolomaeus</strong></span> <span class='ocrx_word' id='word_1_299' title='bbox 951 3845 1013 3892; x_wconf 86' lang='lat' dir='ltr'><strong>tuus</strong></span> <span class='ocrx_word' id='word_1_300' title='bbox 1031 3876 1462 3891; x_wconf 83' lang='grc'><strong><em>...................</em></strong></span> <span class='ocrx_word' id='word_1_301' title='bbox 1486 3835 1566 3891; x_wconf 88' lang='lat' dir='ltr'><strong>Vides</strong></span> <span class='ocrx_word' id='word_1_302' title='bbox 1587 3846 1686 3909; x_wconf 78' lang='lat' dir='ltr'><strong>quanta</strong></span> 
     </span>
     <span class='ocr_line' id='line_1_34' title="bbox 398 3920 1686 3994; baseline 0.001 -19"><span class='ocrx_word' id='word_1_303' title='bbox 398 3922 508 3977; x_wconf 78' lang='lat' dir='ltr'><strong>scribam</strong></span> <span class='ocrx_word' id='word_1_304' title='bbox 531 3921 680 3981; x_wconf 83' lang='lat' dir='ltr'><strong>celeritate,</strong></span> <span class='ocrx_word' id='word_1_305' title='bbox 704 3922 750 3976; x_wconf 85' lang='lat' dir='ltr'><strong>sed</strong></span> <span class='ocrx_word' id='word_1_306' title='bbox 775 3929 863 3975; x_wconf 86' lang='lat' dir='ltr'><strong>tumen</strong></span> <span class='ocrx_word' id='word_1_307' title='bbox 886 3920 975 3994; x_wconf 82' lang='lat' dir='ltr'><strong>aliqua</strong></span> <span class='ocrx_word' id='word_1_308' title='bbox 998 3921 1127 3977; x_wconf 81' lang='lat' dir='ltr'><strong>adiiciam.</strong></span> <span class='ocrx_word' id='word_1_309' title='bbox 1157 3923 1211 3977; x_wconf 91' lang='lat' dir='ltr'><strong>Leo</strong></span> <span class='ocrx_word' id='word_1_310' title='bbox 1233 3921 1263 3976; x_wconf 80' lang='grc' dir='ltr'><strong>Χ.</strong></span> <span class='ocrx_word' id='word_1_311' title='bbox 1286 3921 1314 3975; x_wconf 90' lang='grc' dir='ltr'><strong>Ρ.</strong></span> <span class='ocrx_word' id='word_1_312' title='bbox 1338 3921 1370 3976; x_wconf 86' lang='grc' dir='ltr'><strong>Μ.</strong></span> <span class='ocrx_word' id='word_1_313' title='bbox 1395 3920 1447 3976; x_wconf 82' lang='lat' dir='ltr'><strong>vita</strong></span> <span class='ocrx_word' id='word_1_314' title='bbox 1468 3920 1613 3978; x_wconf 81' lang='lat' dir='ltr'><strong>defunctus</strong></span> <span class='ocrx_word' id='word_1_315' title='bbox 1636 3930 1686 3977; x_wconf 85' lang='lat' dir='ltr'><strong>est.</strong></span> 
     </span>
     <span class='ocr_line' id='line_1_35' title="bbox 398 4005 1689 4085; baseline 0.001 -25"><span class='ocrx_word' id='word_1_316' title='bbox 398 4007 457 4078; x_wconf 86' lang='lat' dir='ltr'><strong>quid</strong></span> <span class='ocrx_word' id='word_1_317' title='bbox 481 4007 603 4061; x_wconf 77' lang='lat' dir='ltr'><strong>futurum</strong></span> <span class='ocrx_word' id='word_1_318' title='bbox 627 4005 675 4085; x_wconf 79' lang='lat' dir='ltr'><strong>sit,</strong></span> <span class='ocrx_word' id='word_1_319' title='bbox 709 4015 736 4060; x_wconf 86' lang='lat' dir='ltr'><strong>tu</strong></span> <span class='ocrx_word' id='word_1_320' title='bbox 759 4005 865 4077; x_wconf 62' lang='lat' dir='ltr'><strong>cogito:</strong></span> <span class='ocrx_word' id='word_1_321' title='bbox 903 4006 980 4079; x_wconf 76' lang='lat' dir='ltr'><strong>Apud</strong></span> <span class='ocrx_word' id='word_1_322' title='bbox 1008 4024 1059 4061; x_wconf 91' lang='lat' dir='ltr'><strong>nos</strong></span> <span class='ocrx_word' id='word_1_323' title='bbox 1089 4015 1154 4062; x_wconf 88' lang='lat' dir='ltr'><strong>sunt</strong></span> <span class='ocrx_word' id='word_1_324' title='bbox 1175 4006 1273 4062; x_wconf 81' lang='lat' dir='ltr'><strong>diversi</strong></span> <span class='ocrx_word' id='word_1_325' title='bbox 1297 4013 1325 4061; x_wconf 85' lang='lat' dir='ltr'><strong>et</strong></span> <span class='ocrx_word' id='word_1_326' title='bbox 1347 4005 1412 4060; x_wconf 82' lang='lat' dir='ltr'><strong>rarii</strong></span> <span class='ocrx_word' id='word_1_327' title='bbox 1436 4014 1534 4061; x_wconf 86' lang='lat' dir='ltr'><strong>motus.</strong></span> <span class='ocrx_word' id='word_1_328' title='bbox 1579 4006 1689 4063; x_wconf 88' lang='lat' dir='ltr'><strong>hic·est</strong></span> 
     </span>
     <span class='ocr_line' id='line_1_36' title="bbox 398 4089 1687 4165; baseline 0.002 -21"><span class='ocrx_word' id='word_1_329' title='bbox 398 4108 463 4145; x_wconf 72' lang='lat' dir='ltr'><strong>unsis</strong></span> <span class='ocrx_word' id='word_1_330' title='bbox 486 4100 534 4146; x_wconf 86' lang='lat' dir='ltr'><strong>aut</strong></span> <span class='ocrx_word' id='word_1_331' title='bbox 555 4089 626 4145; x_wconf 82' lang='lat' dir='ltr'><strong>alter</strong></span> <span class='ocrx_word' id='word_1_332' title='bbox 648 4090 694 4163; x_wconf 89' lang='lat' dir='ltr'><strong>qui</strong></span> <span class='ocrx_word' id='word_1_333' title='bbox 718 4090 785 4145; x_wconf 88' lang='lat' dir='ltr'><strong>bene</strong></span> <span class='ocrx_word' id='word_1_334' title='bbox 808 4089 873 4147; x_wconf 84' lang='lat' dir='ltr'><strong>vetit</strong></span> <span class='ocrx_word' id='word_1_335' title='bbox 895 4091 1066 4146; x_wconf 84' lang='lat' dir='ltr'><strong>sacerdotum</strong></span> <span class='ocrx_word' id='word_1_336' title='bbox 1090 4090 1187 4146; x_wconf 82' lang='lat' dir='ltr'><strong>culini.</strong></span> <span class='ocrx_word' id='word_1_337' title='bbox 1232 4090 1368 4146; x_wconf 84' lang='lat' dir='ltr'><strong>Hutteuus</strong></span> <span class='ocrx_word' id='word_1_338' title='bbox 1390 4091 1600 4153; x_wconf 75' lang='lat' dir='ltr'><strong>tlartlrusianos,</strong></span> <span class='ocrx_word' id='word_1_339' title='bbox 1625 4092 1687 4165; x_wconf 80' lang='lat' dir='ltr'><strong>quia</strong></span> 
     </span>
     <span class='ocr_line' id='line_1_37' title="bbox 398 4173 1687 4247; baseline 0.002 -18"><span class='ocrx_word' id='word_1_340' title='bbox 398 4174 510 4247; x_wconf 74' lang='lat' dir='ltr'><strong>imagine</strong></span> <span class='ocrx_word' id='word_1_341' title='bbox 540 4193 590 4230; x_wconf 87' lang='lat' dir='ltr'><strong>suo</strong></span> <span class='ocrx_word' id='word_1_342' title='bbox 620 4192 670 4247; x_wconf 86' lang='lat' dir='ltr'><strong>pro</strong></span> <span class='ocrx_word' id='word_1_343' title='bbox 704 4173 846 4247; x_wconf 80' lang='lat' dir='ltr'><strong>arritergiis</strong></span> <span class='ocrx_word' id='word_1_344' title='bbox 868 4174 912 4230; x_wconf 90' lang='lat' dir='ltr'><strong>usi</strong></span> <span class='ocrx_word' id='word_1_345' title='bbox 935 4182 1011 4237; x_wconf 89' lang='lat' dir='ltr'><strong>sunt,</strong></span> <span class='ocrx_word' id='word_1_346' title='bbox 1043 4175 1069 4230; x_wconf 84' lang='lat' dir='ltr'><strong>in</strong></span> <span class='ocrx_word' id='word_1_347' title='bbox 1098 4175 1204 4230; x_wconf 87' lang='lat' dir='ltr'><strong>duobus</strong></span> <span class='ocrx_word' id='word_1_348' title='bbox 1232 4175 1352 4231; x_wconf 86' lang='lat' dir='ltr'><strong>millibus</strong></span> <span class='ocrx_word' id='word_1_349' title='bbox 1381 4193 1526 4231; x_wconf 85' lang='lat' dir='ltr'><strong>aureorum</strong></span> <span class='ocrx_word' id='word_1_350' title='bbox 1549 4193 1687 4231; x_wconf 85' lang='lat' dir='ltr'><strong>nummum</strong></span> 
     </span>
     <span class='ocr_line' id='line_1_38' title="bbox 372 4256 1685 4334; baseline 0 -20"><span class='ocrx_word' id='word_1_351' title='bbox 372 4259 528 4315; x_wconf 71' lang='lat' dir='ltr'><strong>anulum.</strong></span> <span class='ocrx_word' id='word_1_352' title='bbox 573 4260 650 4332; x_wconf 72' lang='lat' dir='ltr'><strong>Apud</strong></span> <span class='ocrx_word' id='word_1_353' title='bbox 673 4278 724 4315; x_wconf 92' lang='lat' dir='ltr'><strong>nos</strong></span> <span class='ocrx_word' id='word_1_354' title='bbox 746 4256 814 4315; x_wconf 84' lang='lat' dir='ltr'><strong>nihil</strong></span> <span class='ocrx_word' id='word_1_355' title='bbox 837 4267 879 4315; x_wconf 87' lang='lat' dir='ltr'><strong>est</strong></span> <span class='ocrx_word' id='word_1_356' title='bbox 902 4261 974 4333; x_wconf 87' lang='lat' dir='ltr'><strong>quod</strong></span> <span class='ocrx_word' id='word_1_357' title='bbox 999 4268 1024 4314; x_wconf 85' lang='lat' dir='ltr'><strong>te</strong></span> <span class='ocrx_word' id='word_1_358' title='bbox 1048 4258 1184 4316; x_wconf 84' lang='lat' dir='ltr'><strong>obiecture</strong></span> <span class='ocrx_word' id='word_1_359' title='bbox 1207 4260 1296 4334; x_wconf 88' lang='lat' dir='ltr'><strong>possit</strong></span> <span class='ocrx_word' id='word_1_360' title='bbox 1319 4302 1634 4314; x_wconf 84' lang='grc'><strong><em>..............</em></strong></span> <span class='ocrx_word' id='word_1_361' title='bbox 1657 4261 1685 4316; x_wconf 86' lang='lat' dir='ltr'><strong>tu</strong></span> 
     </span>
     <span class='ocr_line' id='line_1_39' title="bbox 396 4342 908 4417; baseline 0.004 -21"><span class='ocrx_word' id='word_1_362' title='bbox 396 4344 483 4416; x_wconf 78' lang='lat' dir='ltr'><strong>vigilia</strong></span> <span class='ocrx_word' id='word_1_363' title='bbox 506 4344 616 4399; x_wconf 69' lang='lat' dir='ltr'><strong>Thorace</strong></span> <span class='ocrx_word' id='word_1_364' title='bbox 638 4342 771 4417; x_wconf 78' lang='lat' dir='ltr'><strong>Apostoli.</strong></span> <span class='ocrx_word' id='word_1_365' title='bbox 795 4359 908 4400; x_wconf 83' lang='lat' dir='ltr'><strong>unxxr.</strong></span> 
     </span>
    </p>
   </div>
   <div class='ocr_carea' id='block_1_8' title="bbox 394 4515 1687 4677">
    <p class='ocr_par' dir='ltr' id='par_1_10' title="bbox 394 4515 1687 4677">
     <span class='ocr_line' id='line_1_40' title="bbox 395 4515 1687 4593; baseline -0.002 -19"><span class='ocrx_word' id='word_1_366' title='bbox 395 4523 672 4576; x_wconf 65' lang='lat' dir='ltr'><strong>CCLXXmmvmr</strong></span> <span class='ocrx_word' id='word_1_367' title='bbox 686 4519 690 4588; x_wconf 86' lang='grc'>1</span> <span class='ocrx_word' id='word_1_368' title='bbox 704 4515 899 4576; x_wconf 64' lang='grc' dir='ltr'><strong>ενιῖτοωκνὶι</strong></span> <span class='ocrx_word' id='word_1_369' title='bbox 913 4522 917 4591; x_wconf 66' lang='lat' dir='ltr'><strong>i</strong></span> <span class='ocrx_word' id='word_1_370' title='bbox 932 4526 1172 4590; x_wconf 78' lang='lat' dir='ltr'><strong>Theologicarum.</strong></span> <span class='ocrx_word' id='word_1_371' title='bbox 1185 4523 1189 4588; x_wconf 86' lang='grc' dir='ltr'>Ι</span> <span class='ocrx_word' id='word_1_372' title='bbox 1201 4526 1236 4576; x_wconf 88' lang='lat' dir='ltr'><strong>ad</strong></span> <span class='ocrx_word' id='word_1_373' title='bbox 1250 4527 1254 4593; x_wconf 82' lang='grc' dir='ltr'>Ι</span> <span class='ocrx_word' id='word_1_374' title='bbox 1269 4533 1382 4571; x_wconf 67' lang='lat' dir='ltr'><strong>toruus!</strong></span> <span class='ocrx_word' id='word_1_375' title='bbox 1394 4525 1602 4587; x_wconf 69' lang='lat' dir='ltr'><strong>secuturarum!</strong></span> <span class='ocrx_word' id='word_1_376' title='bbox 1616 4524 1687 4574; x_wconf 77' lang='lat' dir='ltr'><strong>Ante</strong></span> 
     </span>
     <span class='ocr_line' id='line_1_41' title="bbox 394 4604 1687 4677; baseline -0.002 -18"><span class='ocrx_word' id='word_1_377' title='bbox 394 4609 483 4660; x_wconf 78' lang='lat' dir='ltr'><strong>dunos</strong></span> <span class='ocrx_word' id='word_1_378' title='bbox 508 4626 590 4661; x_wconf 72' lang='lat' dir='ltr'><strong>cxxv.</strong></span> <span class='ocrx_word' id='word_1_379' title='bbox 609 4607 797 4660; x_wconf 80' lang='lat' dir='ltr'><strong>Ecclesiarum</strong></span> <span class='ocrx_word' id='word_1_380' title='bbox 815 4607 1016 4677; x_wconf 68' lang='lat' dir='ltr'><strong>Ilztlustriisimi</strong></span> <span class='ocrx_word' id='word_1_381' title='bbox 1040 4611 1167 4660; x_wconf 89' lang='lat' dir='ltr'><strong>Ducatus</strong></span> <span class='ocrx_word' id='word_1_382' title='bbox 1184 4611 1326 4675; x_wconf 90' lang='lat' dir='ltr'><strong>Bipontini</strong></span> <span class='ocrx_word' id='word_1_383' title='bbox 1342 4608 1347 4675; x_wconf 86' lang='grc' dir='ltr'>Ι</span> <span class='ocrx_word' id='word_1_384' title='bbox 1362 4607 1524 4659; x_wconf 74' lang='lat' dir='ltr'><strong>Praesident:</strong></span> <span class='ocrx_word' id='word_1_385' title='bbox 1547 4606 1614 4672; x_wconf 69' lang='lat' dir='ltr'><strong>ldae.</strong></span> <span class='ocrx_word' id='word_1_386' title='bbox 1631 4604 1636 4675; x_wconf 89' lang='grc' dir='ltr'>Ι</span> <span class='ocrx_word' id='word_1_387' title='bbox 1651 4624 1687 4657; x_wconf 81' lang='lat' dir='ltr'><strong>ex</strong></span> 
     </span>
    </p>
   </div>
   <div class='ocr_carea' id='block_1_9' title="bbox 460 4691 1616 4844">
    <p class='ocr_par' dir='ltr' id='par_1_11' title="bbox 460 4691 1616 4844">
     <span class='ocr_line' id='line_1_42' title="bbox 460 4691 1616 4779; baseline 0 -36"><span class='ocrx_word' id='word_1_388' title='bbox 460 4709 658 4745; x_wconf 72' lang='lat' dir='ltr'><strong>rrroonurura</strong></span> <span class='ocrx_word' id='word_1_389' title='bbox 676 4710 830 4746; x_wconf 71' lang='lat' dir='ltr'><strong>nrrourrua</strong></span> <span class='ocrx_word' id='word_1_390' title='bbox 846 4694 849 4760; x_wconf 96' lang='grc' dir='ltr'>Ι</span> <span class='ocrx_word' id='word_1_391' title='bbox 863 4713 912 4762; x_wconf 86' lang='lat' dir='ltr'><strong>per</strong></span> <span class='ocrx_word' id='word_1_392' title='bbox 926 4696 1064 4761; x_wconf 74' lang='lat' dir='ltr'><strong>Uesperum</strong></span> <span class='ocrx_word' id='word_1_393' title='bbox 1082 4696 1220 4745; x_wconf 77' lang='lat' dir='ltr'><strong>Witteltum</strong></span> <span class='ocrx_word' id='word_1_394' title='bbox 1234 4691 1239 4759; x_wconf 82' lang='grc' dir='ltr'>Ι</span> <span class='ocrx_word' id='word_1_395' title='bbox 1255 4697 1423 4740; x_wconf 63' lang='lat' dir='ltr'><strong>MDJCVII.</strong></span> <span class='ocrx_word' id='word_1_396' title='bbox 1439 4692 1444 4758; x_wconf 83' lang='grc' dir='ltr'>Ι</span> <span class='ocrx_word' id='word_1_397' title='bbox 1458 4691 1494 4779; x_wconf 57' lang='lat'><strong>8‘}</strong></span> <span class='ocrx_word' id='word_1_398' title='bbox 1513 4706 1539 4740; x_wconf 88' lang='lat' dir='ltr'><strong>u.</strong></span> <span class='ocrx_word' id='word_1_399' title='bbox 1554 4692 1616 4743; x_wconf 80' lang='lat' dir='ltr'><strong>nx.</strong></span> 
     </span>
     <span class='ocr_line' id='line_1_43' title="bbox 966 4779 1112 4844; baseline 0.007 -17"><span class='ocrx_word' id='word_1_400' title='bbox 966 4795 993 4844; x_wconf 87' lang='lat' dir='ltr'><strong>p.</strong></span> <span class='ocrx_word' id='word_1_401' title='bbox 1006 4779 1112 4830; x_wconf 52' lang='lat' dir='ltr'><strong>teau</strong></span> 
     </span>
    </p>
   </div>
   <div class='ocr_carea' id='block_1_10' title="bbox 460 4912 1086 4982">
    <p class='ocr_par' dir='ltr' id='par_1_12' title="bbox 460 4912 1086 4982">
     <span class='ocr_line' id='line_1_44' title="bbox 460 4912 1086 4982; baseline 0.002 -19"><span class='ocrx_word' id='word_1_402' title='bbox 460 4912 480 4945; x_wconf 82' lang='lat'><strong>³¹</strong></span> <span class='ocrx_word' id='word_1_403' title='bbox 501 4914 648 4966; x_wconf 87' lang='lat' dir='ltr'><strong>defunctus</strong></span> <span class='ocrx_word' id='word_1_404' title='bbox 668 4913 720 4982; x_wconf 84' lang='lat' dir='ltr'><strong>cst]</strong></span> <span class='ocrx_word' id='word_1_405' title='bbox 739 4916 796 4967; x_wconf 83' lang='lat' dir='ltr'><strong>kal.</strong></span> <span class='ocrx_word' id='word_1_406' title='bbox 810 4916 957 4966; x_wconf 86' lang='lat' dir='ltr'><strong>Decembr.</strong></span> <span class='ocrx_word' id='word_1_407' title='bbox 972 4931 997 4964; x_wconf 90' lang='lat' dir='ltr'><strong>a.</strong></span> <span class='ocrx_word' id='word_1_408' title='bbox 1013 4913 1086 4964; x_wconf 75' lang='lat'>1521.</span> 
     </span>
    </p>
   </div>
   <div class='ocr_carea' id='block_1_11' title="bbox 0 0 2188 6084">
    <p class='ocr_par' dir='ltr' id='par_1_13' title="bbox 0 0 2188 6084">
     <span class='ocr_line' id='line_1_45' title="bbox 0 0 2188 6084; baseline 0 0"><span class='ocrx_word' id='word_1_409' title='bbox 0 0 2188 6084; x_wconf 95' lang='lat' dir='ltr'><strong> </strong></span> 
     </span>
    </p>
   </div>
  </div>
 </body>
</html>
