4367 6084
531 726 729 777 cccxxxnl.
750 741 871 776 seouoiu
884 740 987 775 neusin
1000 740 1145 775 unvunsvs
1159 738 1333 773 assentimus
1348 738 1480 774 immissi.
1581 709 1654 781 305
1677 731 1681 740 '

353 913 425 957 cam
447 914 532 957 versa
553 900 630 973 typis
656 898 864 972 publicarunt,
891 903 1009 970 proeter
1029 898 1092 956 otia
1120 896 1257 969 quiedam
1282 896 1429 953 inciuilius
1453 897 1541 954 etiam
1568 899 1655 955 orut-

352 995 452 1071 pata?
483 1000 557 1083 quid
580 1001 697 1072 eqerint
719 1001 772 1072 qui
797 1001 951 1073 epistotam
979 999 1023 1056 ad
1045 998 1233 1057 cardinalem
1262 996 1517 1069 hloquutinensem
1543 1005 1654 1056 secreto

355 1104 498 1175 scriptam
527 1117 582 1159 aee
607 1101 762 1159 cardinali
781 1100 981 1158 reddiderunt
1005 1105 1035 1158 et
1059 1115 1153 1173 opera
1176 1097 1431 1173 typoqraphorum
1453 1097 1654 1171 eautanunt?

356 1202 431 1274 quid
449 1203 537 1261 atiud
556 1202 685 1275 oqehant
703 1203 764 1272 isti,
784 1203 843 1260 nisi
860 1208 892 1259 ut
908 1201 1023 1259 ohsides
1039 1200 1183 1258 haherent
1200 1215 1240 1256 ee
1257 1215 1317 1270 me,
1336 1216 1373 1256 ne
1392 1197 1560 1260 resilirem?
1577 1201 1653 1261 Hice

331 1303 510 1360 sduutauot
530 1307 642 1376 ottinqo
664 1319 732 1376 quoe
752 1302 913 1375 ntartesesta
935 1311 1016 1373 sunt,
1035 1318 1152 1375 possem
1174 1308 1202 1359 et
1221 1303 1299 1359 alias
1319 1317 1451 1358 narrare
1468 1300 1607 1372 fabulas,
1625 1306 1653 1361 si

355 1403 454 1461 tiheat.
498 1403 586 1462 Ittud
613 1405 803 1478 deprehendo
825 1402 925 1475 ferme
951 1406 981 1462 in
1007 1402 1140 1462 omnihus
1169 1404 1221 1474 qui
1246 1418 1309 1460 sese
1330 1401 1400 1459 huie
1417 1400 1548 1473 seretiom'
1578 1404 1639 1460 ad·
1652 1410 1719 1459 §.26⁴3-

355 1504 475 1576 timere,
498 1506 579 1578 quod
599 1505 845 1579 quemadmodum
863 1508 916 1578 qui
935 1508 1097 1579 inaquam
1120 1504 1238 1577 delapsi
1252 1509 1343 1574 sunt„
1357 1519 1560 1575 quemcunque
1574 1521 1650 1577 pos-
1704 1560 1707 1570 ,

353 1613 422 1664 suni
445 1614 600 1681 arreptum
628 1623 726 1666 seeum
748 1606 933 1680 pertrahunt
953 1607 984 1664 in
1008 1608 1147 1676 exitium,
1179 1606 1267 1662 etiam
1287 1607 1315 1662 si
1331 1606 1396 1677 quis
1415 1606 1651 1678 periclitantibus

354 1714 478 1765 conetur
498 1723 690 1780 succurrere,
712 1710 753 1766 ita
776 1709 825 1765 isti
843 1725 900 1782 per
921 1690 1035 1765 omnem
1056 1709 1239 1766 occasionem
1259 1721 1446 1779 quoscunque
1462 1715 1586 1780 possunt
1599 1709 1650 1764 in-

324 1809 469 1866 uootoere
500 1810 618 1868 student
650 1811 799 1870 communi
820 1811 970 1882 periculo,
1002 1811 1091 1866 etiam
1119 1809 1183 1866 ittos
1207 1824 1265 1881 per
1295 1823 1367 1880 quos
1394 1813 1532 1881 poterant
1558 1810 1653 1866 eximi

350 1907 494 1983 periculo.
538 1910 672 1984 denique
697 1917 831 1984 exponat
855 1907 937 1969 nohis
965 1909 1111 1968 Huttenus
1138 1909 1212 1981 quid
1234 1909 1359 1966 senserit
1379 1923 1469 1981 quum
1497 1909 1718 1969 scriberemus.

353 2009 419 2094 haee
436 2012 540 2086 amba,
564 2012 677 2070 ‘Nullos
699 2011 790 2069 tiores
809 2010 919 2069 scrihes
941 2013 1091 2084 meliores,
1120 2011 1147 2067 si
1160 2015 1256 2067 tamen
1271 2011 1345 2067 uttos
1359 2005 1487 2081 scrihes',
1507 2017 1536 2067 et
1545 2017 1648 2083 postea

352 2119 439 2184 neqet
458 2128 522 2171 esse
550 2115 603 2186 qui
623 2115 652 2170 oi
678 2118 822 2171 conentur
839 2113 1030 2187 pertrahere.
1073 2111 1199 2170 Interim
1219 2112 1264 2168 uit
1283 2125 1329 2168 me
1350 2110 1426 2168 nihii
1446 2126 1552 2183 apere,
1580 2128 1647 2170 eunt
1716 2093 1726 2111 ⁶

353 2212 461 2283 definis
487 2214 616 2287 pedihus
645 2215 776 2272 itaream
805 2215 835 2271 in
861 2213 995 2284 factimne
1014 2212 1203 2281 lutherum,
1237 2214 1283 2269 aet
1310 2211 1401 2269 tihros
1423 2228 1501 2271 meos
1520 2220 1648 2272 staturos

321 2312 390 2370 nob
410 2315 497 2387 ipsis,
528 2317 555 2373 si
573 2330 628 2387 eqo
655 2317 786 2373 maeinte
815 2314 964 2386 defecero.
1010 2285 1116 2384 Oiioeso
1146 2319 1173 2371 te
1200 2315 1305 2384 tector,
1338 2314 1391 2385 qui
1410 2313 1477 2372 hac
1498 2315 1601 2372 scribit
1620 2322 1649 2373 et

350 2416 404 2487 qui
423 2417 578 2473 minitatur
596 2419 788 2490 nescioquas
808 2418 948 2490 epistolas
969 2432 1119 2486 arcanas,
1149 2431 1210 2488 qua
1229 2411 1333 2484 fronte
1350 2415 1485 2486 (loquat,
1514 2424 1546 2473 ut
1569 2432 1646 2489 pro-

346 2515 452 2588 feram
476 2519 528 2589 qui
546 2516 658 2576 technis
676 2534 714 2576 ac
734 2519 762 2575 ai
780 2533 826 2576 me
844 2522 988 2576 conentur
1004 2515 1182 2590 pertrahere
1201 2512 1407 2585 infectionem
1420 2514 1647 2575 lutheranom?

348 2617 403 2675 sed
431 2619 484 2690 qui
502 2617 597 2678 haret
618 2620 725 2690 definis
744 2618 870 2692 pedihus
891 2619 916 2676 is
940 2619 992 2691 qui
1009 2605 1155 2692 perpetuo
1178 2622 1207 2673 et
1232 2622 1401 2674 constanter
1424 2625 1579 2676 auersatus
1604 2629 1648 2678 est

345 2717 535 2791 saetimem‚'
548 2722 602 2794 qui
620 2721 792 2779 dehortatus
809 2727 853 2778 est
873 2721 1002 2777 omnium
1019 2702 1139 2794 primus
1162 2735 1182 2775 a
1195 2719 1369 2791 periculoso
1386 2716 1530 2790 neqocio?
1551 2720 1714 2789 (herodiam.

305 2821 381 2878 noia
405 2819 490 2878 tihris
509 2824 581 2880 meis
601 2828 662 2899 est,
695 2823 828 2894 inficiari
855 2837 913 2881 non
937 2836 1058 2895 possum
1084 2827 1114 2878 et
1141 2819 1283 2878 haetenus
1308 2825 1418 2877 tutatus
1445 2837 1509 2878 sum
1536 2822 1647 2895 uosque

345 2921 502 2994 presidiis
523 2922 663 2991 Hutteni,·
686 2924 813 3008 quodsi
834 2923 905 2981 tihri
931 2924 990 2980 mei
1010 2921 1149 2980 docerent
1169 2920 1274 2978 eadem
1297 2937 1365 2992 qua
1386 2921 1471 2980 docet
1487 2922 1644 2996 lutherus,

347 3039 439 3095 quum
459 3023 583 3082 haheam
601 3031 661 3083 tam
683 3028 788 3084 multos
807 3026 964 3097 insiqniter
983 3022 1132 3094 infensos,
1153 3023 1231 3080 idem
1248 3022 1367 3096 honoris
1386 3025 1554 3082 retulissent
1567 3028 1647 3098 quod

347 3127 514 3183 retuterunt
536 3126 606 3185 tihri
625 3124 757 3184 lutheri.
810 3128 847 3183 ‘A
873 3125 954 3184 nohis
975 3121 1107 3182 stahunt'
1133 3125 1238 3197 inquit.
1283 3120 1457 3196 Aquihus?
1487 3128 1569 3199 toties
1590 3127 1645 3185 hoc

344 3240 510 3301 pronomen
531 3225 630 3286 ‘nohis'
653 3231 799 3301 occurrit,
828 3243 917 3301 quum
939 3226 1099 3284 Hottenum
1120 3242 1175 3283 nec
1193 3224 1342 3286 lutherus
1363 3236 1519 3299 aquoseot,
1549 3245 1644 3301 neque

299 3329 502 3400 nequisquam
527 3328 718 3388 lutheranus
743 3332 837 3404 paulo
863 3328 1025 3388 cordatior.
1066 3326 1178 3385 Similis
1199 3325 1317 3398 surircae
1338 3333 1431 3385 estet
1456 3329 1534 3387 iliud
1554 3331 1634 3402 quod
1644 3337 1722 3386 §.eus

346 3432 503 3488 minitatur
529 3429 613 3501 sore,
647 3437 679 3488 ut
699 3433 734 3503 si
758 3431 832 3503 quid
856 3429 1001 3489 acciderit
1026 3430 1113 3503 parti
1132 3427 1330 3503 lutheranae,
1363 3430 1456 3486 nihilo
1478 3431 1576 3488 miti-us
1597 3446 1643 3489 me

346 3537 455 3589 tractet
470 3547 549 3604 pars
568 3533 693 3602 metria,
715 3548 805 3611 quum
820 3546 886 3602 nos,
909 3533 1012 3603 inquit.
1056 3531 1148 3603 Atqui
1166 3546 1220 3602 eqo
1241 3546 1299 3588 non
1321 3528 1422 3587 indixi
1438 3530 1544 3588 betium
1560 3549 1641 3605 pon-

345 3634 420 3703 tifici
432 3631 581 3706 Romano,
603 3648 661 3691 non
678 3635 788 3707 scripsi
799 3634 937 3706 posttttas
960 3634 989 3690 in
1010 3632 1122 3690 huttarn
1141 3633 1303 3705 pontificis,
1326 3647 1384 3689 noa
1402 3631 1559 3705 professus
1576 3651 1640 3691 sum

343 3741 538 3808 protectorem
552 3734 734 3794 lutheranae
745 3733 902 3807 factionis,
925 3751 983 3793 non
1001 3734 1177 3791 aduersatus
1191 3748 1254 3791 sum
1268 3732 1363 3791 edicto
1382 3732 1520 3792 casuris.
1552 3734 1631 3804 Quid
1640 3743 1707 3793 son.

303 3840 445 3894 mantem
472 3835 530 3894 sihi
554 3838 617 3895 mett
641 3836 718 3895 ittud
745 3837 874 3909 ‘siquid
894 3820 1076 3895 accederit'?
1104 3850 1144 3891 an
1167 3849 1224 3892 non
1243 3837 1336 3909 ptane
1359 3836 1449 3892 uincit
1474 3852 1512 3892 ac
1532 3843 1642 3909 reqnat

341 3953 419 4011 pars
441 3935 571 3996 luthero
599 3933 751 3996 odomsa?
782 3954 823 3996 aa
849 3954 907 3996 noa
936 3939 1078 3997 hactenus
1099 3940 1240 3996 inermem
1266 3951 1312 3994 me
1339 3939 1465 4010 exposui
1484 3934 1639 3996 omnihus?

346 4038 425 4108 Quid
441 4038 559 4110 factum
578 4036 783 4099 estErasmo?
806 4040 910 4098 dieser
928 4041 1096 4111 honoravit,
1118 4040 1195 4098 idem
1212 4037 1289 4110 feeit
1309 4038 1537 4110 Ferdinandus,
1553 4055 1637 4113 pon-

343 4139 422 4211 tifex
446 4138 537 4211 offert
556 4147 586 4199 et
605 4143 766 4200 amicitiam
788 4151 817 4201 et
842 4142 1013 4214 fortunam·
1042 4151 1155 4200 tontum
1183 4142 1283 4198 insani
1303 4140 1425 4212 quidam
1448 4139 1586 4211 fremunt
1606 4144 1636 4199 in

343 4256 402 4312 me,
431 4240 529 4300 deuoti
552 4244 647 4302 hostes
669 4234 813 4303 honorum
839 4245 1011 4311 literarum,
1045 4243 1149 4314 quihus
1170 4242 1315 4301 Hotteaus
1343 4241 1398 4300 hoc
1424 4241 1522 4299 tihetto
1549 4245 1640 4301 uoluit

308 4344 524 4416 uqratilieuri,
555 4352 636 4403 certe
653 4346 843 4418 qratifieatus
863 4349 914 4401 est.
954 4359 1127 4415 quanquam
1149 4345 1202 4414 qut
1216 4349 1438 4416 persequuntur
1453 4343 1623 4415 Hutteoum,
1637 4352 1706 4407 §.na

341 4460 399 4502 non
421 4447 479 4502 ista
500 4460 680 4520 muqnopere
700 4446 850 4504 obiiciunt.
889 4442 967 4503 Sunt
992 4446 1057 4502 alia
1086 4443 1240 4516 quadam,
1272 4444 1428 4516 inquibus
1451 4443 1635 4515 sumturme

340 4562 398 4604 non
419 4549 609 4606 coniunxisse
626 4549 707 4605 saeta
727 4562 824 4605 arma.
867 4544 907 4603 Et
926 4545 964 4602 ah
985 4544 1033 4602 his
1053 4545 1157 4613 amicis
1173 4546 1246 4617 ptus
1265 4551 1310 4602 est
1330 4546 1376 4602 itti
1392 4548 1525 4619 periculi
1545 4563 1633 4619 quam

406 4697 492 4764 ’quiJ
520 4698 579 4748 vult
597 4698 686 4762 ipsum
704 4697 867 4746 Huttenum.
946 4692 965 4726 ¹¹
985 4690 1079 4757 serio]
1103 4709 1158 4741 non
1177 4698 1240 4741 sunt
1257 4693 1318 4741 haec
1338 4695 1397 4756 ipsu
1415 4695 1501 4744 verbo
1520 4697 1632 4761 Expost.

337 4781 427 4843 ΜΟ.
466 4780 486 4814 ¹³
499 4780 549 4848 ait]
564 4780 819 4848 ci.Expost.§.22'2.
860 4777 882 4810 ²⁸
896 4776 962 4842 inq.]
976 4778 1024 4826 sed
1039 4776 1122 4826 aliter
1135 4781 1239 4841 exposi.
1253 4777 1292 4835 §5-
1302 4776 1359 4824 2¹29.
1369 4778 1480 4842 suaso.
1496 4780 1532 4827 ci.
1542 4779 1631 4839 5218.

337 4866 360 4899 ²⁸
378 4864 477 4931 minin]
498 4867 534 4916 of.
549 4868 662 4931 Expost.
676 4868 699 4926 5.
713 4864 772 4914 210.
787 4880 845 4928 sqq.
873 4863 1006 4928 imprimis
1025 4865 1048 4920 §-
1061 4854 1120 4909 217.
1140 4861 1231 4909 Verba
1244 4861 1397 4909 Hottenicu
1416 4863 1532 4911 detorsit
1550 4864 1632 4911 Eras-

338 4968 405 5001 mus.
454 4952 548 5000 mitius
561 4956 618 5021 Μ.
667 4952 756 4999 minus
777 4951 800 4996 1.
814 4964 870 5013 sqq.
923 4944 1336 4996 'ictlnhbibluxxxil
1389 4944 1578 5010 ⁸⁰illudete.]
1604 4948 1632 4995 in

336 5039 451 5101 Expost.
470 5050 524 5085 non
543 5035 680 5101 leguntur.
1347 5081 1349 5086 ,

397 5123 528 5173 Hvsncui
548 5120 616 5170 Ore.
636 5134 699 5170 vos..
715 5120 750 5169 11.
1373 5114 1413 5175 20
