4367 6084
530 736 603 807 4611
645 751 812 803 CCCXCIV.
833 750 1025 819 [rrsr1rrrr11]
1044 769 1080 804 en
1093 768 1255 805 nronoomu
1269 769 1325 804 ros.
1340 770 1423 805 cnorr
1438 770 1560 805 nrnscur
1575 769 1739 804 snsrousro.
1760 763 1811 804 itta.

529 925 758 1003 genusridendi,
782 927 901 987 iocandi,
924 926 1045 987 ludendi.
1069 928 1128 983 sine
1144 946 1213 1001 quo.
1237 936 1278 983 sat
1295 930 1367 988 scio,
1388 927 1487 984 nullam
1503 929 1584 983 vitam
1602 929 1744 984 iucundam
1760 946 1812 983 esse

530 1010 619 1072 ducis,
637 1010 681 1064 bic
698 1009 862 1069 clanculum.
888 1020 916 1066 ut
933 1013 1004 1067 inter
1019 1012 1135 1073 amicos.
1155 1012 1284 1084 sepositis
1307 1013 1414 1067 interim
1433 1012 1596 1084 theologicis
1616 1011 1746 1086 illisque
1763 1030 1813 1067 mo·

461 1093 599 1151 orclem
622 1093 670 1148 tibi
692 1111 752 1150 esse
774 1095 914 1168 intelligo,
942 1096 1139 1169 colloquamur.
1184 1096 1259 1151 Nosti
1284 1104 1347 1152 ante
1372 1113 1456 1152 annos
1481 1097 1649 1170 quindecim,
1677 1104 1813 1170 antequam

528 1186 640 1233 exortus
658 1186 732 1234 esset
752 1180 903 1242 Lutberus.
925 1198 986 1236 cum
1005 1180 1124 1236 nondum
1147 1181 1186 1235 tui
1207 1180 1320 1236 Obscnri
1343 1180 1398 1235 Viri
1420 1180 1608 1236 Coloniensom
1629 1178 1816 1235 llocbstratuni

529 1271 557 1316 et
587 1261 709 1335 reliquos
728 1263 851 1336 Papistas
880 1263 1055 1338 comparabili
1080 1263 1127 1318 illo
1150 1264 1272 1338 quidem,
1297 1265 1343 1320 sed
1366 1274 1455 1320 tamen
1477 1273 1582 1319 aetcrno
1601 1272 1727 1337 poemate
1750 1264 1832 1320 cele-⁵

529 1345 652 1407 braraut,
674 1364 753 1419 quam
775 1365 823 1403 vos
843 1348 899 1404 dno
915 1348 1031 1409 lleroes‚
1056 1357 1085 1403 tu
1106 1356 1133 1403 et
1155 1347 1303 1409 lluttenus,
1328 1349 1459 1405 horribile
1480 1349 1582 1403 bellum
1604 1348 1742 1403 indixistis
1764 1349 1814 1404 uni·

502 1444 505 1446 ·
529 1447 607 1485 verso
627 1431 761 1503 papistico
783 1433 899 1493 nomini.
929 1433 1038 1505 quantis
1060 1432 1176 1494 uiribus,
1200 1450 1280 1505 quam
1304 1433 1443 1489 instructis
1464 1441 1491 1488 et
1514 1432 1599 1487 tirmis
1620 1433 1723 1505 copiis,
1750 1441 1814 1486 terra

461 1519 520 1568 tlt.
530 1515 651 1586 marique
670 1515 796 1588 persequi
819 1518 939 1590 papistas
964 1516 1129 1571 induxeratis
1149 1517 1319 1571 inanimum.
1364 1525 1431 1589 quot
1446 1526 1474 1572 et
1489 1518 1598 1590 quantis
1614 1515 1743 1588 llialogis.
1762 1517 1815 1590 Epi·

529 1599 699 1669 praumato,
723 1598 841 1672 Satyris,
861 1601 970 1673 seriptis
990 1601 1106 1661 Latinis,
1130 1600 1307 1661 Germanicis,
1339 1600 1496 1673 exagitastis
1518 1601 1703 1660 Romanistos,
1733 1599 1816 1655 Conli-

529 1681 619 1742 nales,
648 1682 811 1755 Episcopos,
838 1685 975 1757 praecipue
1006 1693 1097 1739 autem
1120 1682 1276 1755 'llreologos
1304 1693 1331 1739 et
1354 1684 1528 1745 lionaelros‘l,
1546 1684 1644 1757 Superi
1671 1684 1750 1745 boni,
1773 1684 1842 1755 quio

529 1765 613 1825 sales.
638 1784 699 1839 qum
722 1766 849 1828 dicteria,
874 1786 935 1841 quae
960 1776 1123 1829 scommata.
1150 1785 1211 1841 quse
1234 1768 1342 1830 cavillo,
1367 1768 1438 1841 quod
1462 1785 1548 1841 genus
1570 1767 1677 1823 ridiculi
1700 1777 1728 1822 et
1750 1784 1816 1822 risus

528 1867 642 1922 usquam
658 1858 731 1910 erat.
750 1852 820 1922 quod
837 1853 935 1908 Crotus
952 1852 1008 1912 illc.
1033 1869 1105 1907 nunc
1122 1853 1223 1908 amicus
1240 1869 1354 1924 magnus
1371 1852 1554 1925 Papistarum‚
1580 1861 1644 1907 tuuc
1666 1869 1721 1907 uon
1744 1868 1813 1906 ereo

529 1934 680 2006 gilardum,
704 1934 889 1991 invertendum
911 1944 938 1992 et
959 1937 1175 2009 detorqueudum
1198 1936 1304 1991 illiserit
1327 1936 1358 1991 ad
1382 1935 1569 2009 exagitandum
1590 1935 1642 1991 hoc
1664 1944 1752 1991 totum
1774 1952 1817 2007 ge·

460 2023 519 2072 §.rs
532 2020 600 2072 nus?
617 2018 719 2091 Siquis
738 2018 818 2074 aliter
840 2028 902 2076 tunc
915 2019 1081 2076 Cardinalcm
1099 2020 1169 2094 apud
1185 2027 1211 2074 te
1228 2037 1306 2092 quam
1328 2019 1490 2080 'Carnalem',
1514 2021 1536 2073 si
1553 2020 1615 2093 quis
1631 2019 1712 2075 aliter
1726 2020 1816 2075 Coeno·

529 2101 611 2157 bitam
638 2120 716 2174 quom
746 2103 942 2166 ‘Cmnodcium'‚
969 2104 1020 2159 boc
1041 2113 1083 2160 est
1106 2103 1286 2165 sordidatum,
1309 2105 1411 2178 siquis
1437 2102 1604 2175 Theologum
1631 2104 1712 2158 aliter
1740 2108 1844 2175 quam¹⁵

530 2186 734 2259 ‘Tbeolongum'
757 2189 937 2250 nominasset,
965 2187 1011 2243 ille
1035 2188 1082 2243 tibi
1104 2188 1178 2244 visus
1200 2195 1273 2243 esset
1295 2188 1362 2243 nilril
1387 2188 1425 2242 tui
1448 2187 1521 2242 illius
1543 2187 1621 2248 solis.
1652 2186 1720 2242 nibil
1742 2186 1817 2242 urba·

528 2270 636 2330 nitatis.
655 2270 721 2325 uilril
746 2273 843 2327 mentis
866 2273 981 2335 habere;
1001 2279 1030 2326 ut
1055 2272 1163 2328 interim
1182 2281 1284 2327 taceam
1307 2271 1429 2327 libellum
1449 2271 1525 2326 illum
1547 2280 1637 2330 tuum,
1661 2271 1707 2343 qui
1729 2271 1816 2325 decem

529 2354 617 2426 possit
640 2371 765 2411 exercere
790 2357 970 2418 Democritos‚
992 2356 1177 2412 Obscurorum
1203 2354 1306 2411 scilicet
1330 2356 1455 2411 Virorum
1480 2354 1630 2429 Epistulas,
1664 2371 1725 2427 quar¹
1754 2352 1817 2408 nibil

530 2437 653 2499 luerunt.
677 2456 756 2511 quam
772 2440 913 2496 classicum
930 2441 1063 2514 quoddam
1085 2441 1117 2495 ad
1137 2440 1312 2495 concitandos
1338 2446 1365 2494 ct
1384 2440 1526 2494 armandos
1550 2439 1678 2494 adversus
1700 2439 1816 2512 papistas

460 2530 519 2579 §.ro
532 2522 608 2577 novis
628 2523 754 2578 convitiis
777 2542 825 2579 eos
844 2525 891 2598 qui
909 2542 958 2598 per
979 2542 1039 2580 sese
1057 2533 1111 2580 tam
1131 2524 1201 2579 salse
1223 2524 1293 2578 dicta
1316 2541 1371 2578 non
1392 2532 1470 2579 eraut
1492 2523 1635 2578 inventuri.
1681 2521 1765 2589 Quem
1786 2521 1845 2575 litt

527 2605 627 2661 bollum
649 2614 724 2662 tuum
744 2608 814 2662 baud
835 2609 915 2664 dubie
935 2626 1008 2663 amas
1028 2609 1054 2663 in
1078 2609 1150 2664 bunc
1171 2608 1240 2662 diem
1265 2608 1383 2662 tenerius
1406 2625 1485 2679 quam
1502 2607 1581 2662 Simia
1599 2606 1722 2680 prolem:
1742 2622 1816 2678 quem

509 2698 570 2744 .sat
590 2691 646 2745 scio
668 2692 706 2745 sic
728 2691 882 2752 admiraris.
911 2694 949 2748 sic
976 2702 1007 2747 nt
1030 2701 1106 2748 tuum
1126 2695 1264 2748 inventum
1286 2692 1409 2765 deperis,
1439 2699 1469 2746 ut
1490 2690 1599 2746 llomori
1621 2689 1716 2746 malles
1738 2690 1816 2744 iuter·

529 2774 568 2828 ire
588 2773 681 2834 lliada‚
709 2792 788 2847 qnam
805 2775 868 2830 illos
889 2776 963 2830 Croti
985 2776 1161 2832 suavissimos
1184 2776 1255 2830 risus
1278 2784 1305 2830 et
1328 2774 1495 2830 immortales
1516 2775 1550 2830 de
1568 2774 1687 2848 Papistrs
1714 2773 1817 2829 cachin-

528 2874 579 2911 nos
602 2857 781 2917 intercidere:
811 2876 890 2930 quem
905 2858 1033 2915 libellum
1056 2868 1171 2934 propter
1192 2859 1292 2914 infinita
1316 2859 1428 2915 ridiculo
1448 2858 1519 2914 dicta
1543 2866 1587 2913 tua
1611 2859 1636 2912 in
1660 2859 1815 2932 Episcopos.

529 2941 555 2994 in
578 2939 737 3004 Monacbos,
766 2943 792 2997 in
815 2942 971 3015 Theologos
996 2952 1047 2999 etc.
1070 2944 1195 2999 Erasmus
1223 2942 1270 2998 ille
1293 2944 1488 2999 Roterodamus
1511 2943 1550 2998 sic
1570 2943 1671 2998 dicitur
1693 2941 1845 2997 habuisset⁵

529 3025 555 3078 iu
576 3024 694 3087 deliciis
717 3035 747 3081 ut
764 3028 830 3081 duos
850 3025 985 3099 Epistulas
1007 3028 1065 3083 eins
1088 3029 1213 3101 prmclari
1240 3029 1344 3100 operis,
1364 3026 1475 3082 alteram
1496 3035 1568 3081 tuam
1588 3027 1708 3082 omnium
1730 3024 1816 3080 salsis·

434 3135 438 3143 ·
528 3109 621 3164 simam
647 3118 675 3164 et
698 3110 941 3183 elegantissimam,
970 3112 1081 3167 alteram
1100 3111 1226 3173 llutteui.
1256 3111 1420 3166 adverbum
1451 3111 1571 3166 eiliscere
1594 3119 1621 3165 ot
1644 3111 1670 3164 in
1691 3108 1816 3165 conviviis

459 3202 519 3252 §.²0.
532 3194 646 3249 recitare
663 3210 728 3270 non
739 3194 877 3251 dubitarit.
922 3203 950 3250 et
977 3198 1048 3251 nosti
1077 3214 1147 3270 quos
1175 3196 1267 3255 ludos.
1294 3213 1362 3269 quos
1388 3196 1463 3250 iocos
1490 3194 1535 3249 ille
1554 3193 1625 3249 liber
1645 3193 1725 3248 nobis
1747 3208 1816 3264 saepe

531 3278 662 3351 praebuit:
701 3279 803 3335 nullum
833 3280 983 3335 convivium
1015 3288 1086 3342 erat,
1121 3280 1211 3336 nullus
1244 3297 1402 3339 consessus.
1437 3278 1510 3334 nulla
1543 3277 1740 3337 deambulatio.
1773 3275 1816 3331 ubi

531 3370 560 3417 tu
592 3380 645 3417 non
678 3363 869 3420 circumferres
903 3362 976 3420 illam
1009 3363 1131 3438 politiam
1162 3372 1251 3425 tuam,
1289 3363 1362 3419 illam
1399 3364 1512 3418 formam
1549 3361 1706 3435 reipublice
1743 3361 1845 3414 noraell

527 3530 761 3543 —‚-.

593 3627 604 3658 ³
623 3633 688 3677 ante
707 3644 771 3678 ann.
785 3626 888 3694 quind]
908 3631 926 3678 1.
941 3647 965 3679 6.
979 3644 1004 3678 n.
1021 3629 1093 3678 1517.
1113 3629 1157 3678 vel
1180 3629 1251 3678 1516.
1304 3627 1327 3659 ²⁵
1343 3626 1461 3692 Erasm]
1482 3627 1525 3679 cf.
1538 3627 1662 3676 Hutteniv
1677 3629 1780 3690 expost.
1794 3640 1815 3672 c.

527 3712 641 3761 Erasmo
654 3713 677 3772 ξ.
691 3711 733 3760 81.
748 3728 831 3777 sppra
842 3712 935 3777 pero.
971 3711 992 3744 ²⁷
1011 3713 1127 3762 Olearii·
1139 3713 1173 3761 ad
1191 3714 1218 3762 h.
1232 3712 1249 3761 l.
1265 3713 1486 3771 adnotationem,
1507 3727 1556 3776 per
1574 3727 1604 3760 se
1624 3710 1733 3774 quidem
1752 3708 1816 3757 sotis

526 3796 629 3856 levem,
655 3797 721 3860 qrrio
739 3798 909 3846 recentiores
928 3799 1077 3860 scriptores
1096 3796 1221 3847 nonnihil
1240 3797 1368 3860 ponderis
1388 3799 1414 3845 oi
1433 3795 1591 3845 adscribere
1616 3793 1720 3852 solent,
1745 3792 1815 3840 subi-

527 3882 612 3929 ciam:
632 3882 694 3938 „Ex
711 3880 756 3928 bis
774 3896 828 3929 non
846 3880 997 3930 difficulter
1015 3880 1111 3946 colligi
1130 3885 1234 3945 potest,
1254 3881 1314 3943 quis
1334 3880 1615 3929 celebratissimomm
1636 3876 1740 3926 Obscur.
1763 3877 1814 3923 Vr'r.

463 4016 465 4020 .
526 3963 718 4025 „Epistotm‘um
738 3965 837 4012 Auctor
854 3966 902 4022 sit,
927 3965 961 4013 dc
985 3980 1037 4028 quo
1060 3966 1139 4013 uorie
1164 3966 1237 4014 inter
1261 3965 1382 4013 eruditos
1408 3968 1450 4012 est
1467 3962 1660 4026 disceptatum.
1698 3961 1817 4009 Fuerunt

526 4047 628 4104 „enim
643 4048 688 4110 qui
702 4048 815 4094 liutteno
828 4033 881 4095 soli
894 4048 963 4095 istos
976 4049 1072 4098 deberi
1090 4048 1261 4109 estimarunt,
1284 4047 1332 4097 nlii
1346 4048 1518 4108 Reurblr‘onm,
1539 4046 1588 4099 olii
1608 4046 1751 4098 Eobnnum,
1771 4043 1816 4116 ulii

527 4128 617 4189 „elios
641 4129 749 4178 illarum
771 4129 927 4179 habuerunt
951 4136 1090 4188 auctores,
1117 4132 1215 4197 quibus
1238 4131 1392 4195 adiungunt
1411 4129 1538 4196 nonnulli
1557 4129 1633 4179 Com.
1648 4131 1816 4178 Hermnnnum

445 4226 449 4237 ·
527 4215 716 4272 „bernarium
732 4216 827 4267 Herm.
841 4215 985 4268 Busclrinm.
1006 4216 1088 4265 Bilib.
1106 4217 1330 4271 Pirelrlret‘merum‚
1355 4216 1440 4267 Henr.
1455 4214 1621 4271 Stromerum,
1648 4228 1709 4262 com
1728 4218 1817 4260 tomen

527 4299 639 4359 ‚frctus
656 4306 743 4347 noster
760 4316 835 4348 uernis
853 4317 884 4348 oe
900 4303 969 4348 solus
985 4303 1019 4347 sit
1033 4302 1195 4363 Coryphaeus.
1216 4300 1326 4362 ludique
1339 4299 1419 4348 buius
1435 4299 1571 4361 Obornpuo.
1597 4297 1653 4346 Ubi
1672 4296 1817 4345 notandum

526 4384 687 4443 „Volumtm'c
699 4384 783 4448 Eptrt.
804 4383 908 4433 Obsrur.
926 4386 982 4432 Vir.
995 4387 1078 4447 primi,
1102 4382 1172 4432 1516.
1192 4383 1228 4432 4⁰.
1249 4382 1316 4432 editi
1331 4381 1442 4432 Crotum
1461 4384 1634 4431 inuentorem
1653 4380 1741 4429 solum
1760 4393 1817 4429 esse

526 4474 575 4527 „et
594 4473 741 4529 auctorem,
761 4471 866 4527 sepiendi
877 4476 957 4517 nutem
970 4475 994 4517 et
1007 4471 1079 4516 tertii
1091 4468 1194 4529 (Romen
1210 4467 1282 4515 1557.
1299 4466 1349 4515 12⁰.
1364 4472 1392 4516 ot
1404 4466 1491 4515 Lond.
1507 4465 1557 4514 12⁰.
1573 4467 1603 4514 t.
1619 4464 1649 4513 C.
1665 4463 1739 4514 1689.
1755 4464 1816 4512 edit.

526 4553 644 4617 „quibus
662 4570 687 4617 p.
702 4570 736 4602 m.
749 4552 807 4603 503.
821 4552 1037 4602 lamentationes
1054 4552 1134 4600 simul
1155 4553 1276 4615 nntiquoe
1290 4555 1318 4600 et
1330 4566 1410 4600 nonin
1423 4550 1608 4599 Obscurorum
1620 4549 1678 4596 Vir.
1694 4543 1816 4605 onnexae)

526 4639 697 4698 „Huttennm
717 4645 744 4686 et
763 4637 834 4685 alios
854 4637 939 4686 luisse
959 4636 1122 4698 scriptores,
1148 4635 1223 4684 Croti
1244 4630 1337 4684 boeios
1356 4640 1384 4683 et
1403 4634 1524 4683 romulos.
1560 4635 1602 4682 De
1622 4633 1736 4696 quibus,
1756 4630 1817 4694 Epi-

525 4722 732 4785 „etolarumque
746 4721 779 4769 Ο.
793 4721 824 4768 V.
838 4721 925 4769 trariis
944 4720 1058 4769 edition.
1077 4719 1133 4767 nid.
1148 4719 1261 4768 Clariss.
1276 4721 1327 4767 Dn.
1342 4719 1526 4767 Burrlelrordos
1544 4719 1569 4765 in
1586 4719 1647 4766 Vita
1659 4718 1776 4766 Hnttem'.
1790 4716 1817 4762 P.

526 4807 567 4864 .,1.
582 4823 607 4869 p.
625 4805 680 4855 1115.
695 4821 770 4870 seqq.
806 4804 882 4853 Idem
895 4806 924 4853 in
937 4802 1081 4852 Analectis
1100 4805 1134 4852 nd
1147 4804 1177 4852 P.
1192 4804 1213 4851 1.
1227 4804 1289 4866 p.Z.
1303 4803 1445 4866 5.b.seqq.
1460 4804 1526 4865 ibiq.
1542 4803 1589 4850 cit.
1602 4800 1671 4848 Aa.”
1707 4802 1818 4848 Deter-

526 4891 565 4937 tio
579 4891 647 4953 Epp.
661 4890 694 4937 Ο.
708 4889 740 4938 V.
755 4888 906 4947 volumino,
927 4888 1030 4951 frigido
1048 4887 1098 4936 illo
1117 4888 1235 4952 priorum
1255 4888 1409 4936 imitatione
1430 4890 1458 4933 et
1477 4886 1555 4948 qrrosi
1573 4873 1679 4933 ἄνθεσι
1692 4873 1755 4948 μετ’
1773 4872 1818 4929 oiv-

527 4965 681 5035 θεστήρια,
706 4973 816 5021 omnino
840 4971 922 5020 silere
942 4971 1063 5019 debebat
1082 4971 1221 5019 Olcorius.
1291 4969 1313 5001 ³⁰
1331 4967 1467 5034 politiam]
1488 4966 1668 5017 AdPlotonis
1687 4968 1819 5016 Aristote-

524 5055 614 5120 lisque
633 5055 718 5104 libros
737 5056 822 5105 alludi
841 5071 919 5104 nomo
937 5070 992 5104 non
1010 5055 1095 5104 videt.
