4367 6084
605 738 765 789 cccvsstt.
785 751 888 785 suusut
904 751 965 784 nor.
981 750 1016 784 un
1030 744 1182 784 uvrreuvu
1195 747 1237 782 se.
1253 750 1278 783 ο.
1290 742 1325 782 25.
1340 749 1424 783 usur.
1441 740 1499 782 ¹523.
1619 716 1697 791 179

399 927 460 969 nuo
477 917 587 987 cautu,
610 911 788 984 priusquam
802 906 871 965 tuba
889 906 1049 964 terribilem
1071 904 1145 964 betto
1163 906 1290 964 sonitum
1306 909 1498 963 taratantara
1519 904 1609 976 dieat,
1633 907 1697 964 oei-

401 1014 443 1070 uti
463 1013 561 1070 missis
585 1017 676 1087 patre
701 1014 822 1084 patrato
851 1024 889 1067 ao
915 1006 1028 1077 feciale
1055 1007 1175 1064 seeretis
1196 1007 1288 1063 literis
1311 1005 1354 1062 ad
1373 1021 1419 1063 me
1440 1005 1532 1064 libere
1553 1012 1582 1065 et
1602 1007 1697 1065 amice

398 1112 585 1188 perscribere
605 1111 681 1185 auid
700 1110 738 1168 de
755 1125 801 1166 me
822 1109 875 1167 tibi
893 1109 1023 1166 delatum
1046 1109 1100 1184 sit,
1126 1113 1179 1165 aut
1194 1107 1268 1180 quid
1284 1109 1401 1164 orrentino
1423 1108 1460 1164 sit
1479 1108 1559 1180 quod
1570 1109 1695 1166 extrice-

400 1223 445 1272 ret
465 1216 596 1271 anirnum
619 1220 717 1270 tuum:
745 1226 824 1267 nant.
842 1211 920 1283 ipse,
948 1211 989 1267 ita
1013 1225 1058 1268 me
1080 1209 1153 1267 deus
1174 1208 1246 1266 bene
1275 1218 1367 1280 amet,
1395 1224 1453 1267 non
1473 1224 1592 1281 possum
1615 1210 1750 1270 diri-to.

372 1331 494 1382 5nare:
517 1329 575 1371 non
598 1312 698 1370 dubito
719 1313 790 1385 quin
810 1314 863 1370 tibi
877 1311 1056 1385 peremnia
1077 1313 1131 1368 sim
1150 1308 1376 1381 satisfacturus,
1396 1311 1455 1367 nisi
1471 1325 1597 1384 prorsas
1618 1312 1696 1368 tetius

399 1432 461 1475 esse
481 1416 598 1488 coepisti
615 1429 704 1487 quom
724 1415 791 1471 olim
809 1411 918 1484 fueris.
966 1410 1098 1482 Utinam,
1120 1413 1162 1469 mi
1175 1410 1315 1481 Hnttene,
1338 1427 1396 1469 uon
1410 1411 1536 1469 baberes
1550 1413 1625 1469 alios
1639 1411 1751 1476 bo-§.u

400 1523 455 1575 stes
476 1531 565 1589 ortam
587 1515 766 1582 Erasmum,·
787 1515 899 1571 utinam
921 1511 1046 1570 baberes
1067 1512 1209 1586 quicquid
1222 1512 1271 1571 bie
1288 1501 1423 1571 inimicus
1436 1512 1489 1570 tibi
1501 1509 1601 1586 optat!
1620 1522 1695 1588 puta

401 1619 455 1678 boe
476 1618 529 1676 tibi
549 1617 586 1675 de
607 1615 724 1690 tripode
746 1616 865 1674 dietum.
886 1607 887 1610 ’
911 1613 978 1672 Iam
1000 1614 1028 1671 si
1046 1619 1074 1671 te
1093 1613 1131 1671 ab
1151 1615 1278 1672 instituto
1300 1631 1441 1673 reuocare
1456 1629 1512 1672 non
1526 1593 1621 1688 potest
1639 1621 1742 1672 neers

402 1722 504 1778 ueteris
524 1718 665 1777 amicitioe
687 1719 804 1789 relipio,
825 1732 880 1775 neo
902 1716 1066 1773 studiorum
1088 1717 1285 1773 eorrtmunium
1307 1718 1399 1787 ratio,
1422 1733 1477 1774 aee
1496 1716 1621 1774 bostium
1643 1733 1697 1773 ro-

339 1825 515 1895 solaptas,
543 1821 641 1892 sopita
662 1818 717 1876 boc
735 1834 792 1875 uon
815 1817 1003 1875 mediocriter
1023 1817 1066 1873 ad
1087 1821 1168 1873 tuam
1195 1832 1310 1890 quoque
1331 1819 1577 1876 eristimationem
1597 1820 1696 1892 perti-

402 1938 488 1980 nere:
521 1924 588 1994 quis
613 1921 691 1979 enim
722 1936 779 1978 nou
810 1919 1036 1977 desideraturus
1060 1924 1104 1975 est
1125 1916 1347 1990 bremanitatem‘
1362 1926 1391 1978 et
1413 1935 1524 1992 ponere
1550 1926 1579 1976 et
1603 1921 1697 1978 literis

404 2023 527 2095 dipnam
542 2023 573 2080 in
589 2020 730 2091 Hutteuto,
754 2022 781 2078 si
799 2021 884 2078 nullo
901 2021 1055 2079 lacessitus
1076 2020 1189 2077 iniuria
1207 2018 1328 2091 smum
1350 2022 1434 2079 letali
1448 2035 1557 2078 veneno
1575 2022 1695 2079 tinetrtm

402 2126 529 2195 strinpat
555 2124 586 2180 ia
614 2117 764 2180 amicum?
790 2136 844 2180 uec
870 2119 1003 2193 sortasse
1030 2119 1170 2192 defuturi
1192 2127 1261 2179 suat
1281 2124 1334 2194 qui
1350 2122 1568 2197 perpendentes
1589 2139 1646 2196 quo
1665 2124 1751 2181 Into.

401 2232 477 2282 stuta
499 2241 549 2282 res
568 2232 627 2283 tute
655 2232 723 2282 stent
748 2224 779 2282 in
799 2225 982 2297 prasentia,
1010 2224 1198 2296 suspieentur
1222 2214 1284 2279 istis
1303 2223 1416 2281 artibus
1433 2224 1575 2297 praedam
1598 2225 1697 2283 unde-

351 2343 371 2383 ι
384 2342 517 2398 serraque
541 2327 621 2398 peti:
647 2333 676 2384 et
698 2326 866 2398 perieulum
891 2331 935 2382 est
960 2340 998 2381 ae
1021 2325 1107 2398 capud
1129 2327 1234 2382 mutus
1257 2323 1372 2382 baereat
1391 2327 1576 2397 coniectura,
1605 2328 1697 2384 nimi-

401 2444 467 2484 rum
489 2428 521 2485 iu
541 2426 721 2500 prosapiem,
743 2426 906 2484 obseratum
928 2434 956 2484 et
976 2426 1019 2483 ad
1036 2430 1201 2484 extremam
1215 2441 1316 2483 rerum
1331 2428 1459 2484 omnium
1476 2429 1605 2500 inopiam
1619 2429 1696 2486 red-

402 2536 508 2587 uetum.
552 2527 618 2586 Il'on
638 2543 670 2586 es
696 2530 837 2601 ibamus,
865 2543 933 2600 quae
956 2524 1073 2598 subulae
1095 2529 1181 2599 rutpo
1203 2527 1240 2586 de
1259 2527 1461 2600 tolerantur,
1490 2545 1583 2602 neque
1602 2522 1764 2588 nescistis

402 2629 591 2703 quamobrem
620 2628 673 2687 tibi
702 2632 875 2688 succenseat
903 2628 1033 2702 quidque
1060 2628 1114 2687 tibi
1137 2630 1288 2688 minitetur
1316 2645 1411 2688 eomes
1438 2630 1608 2707 Palatinas,
1645 2633 1698 2704 qui

390 2731 438 2788 de
450 2730 570 2801 famulo
590 2738 639 2790 tuo
652 2732 776 2805 sumpsit
791 2732 898 2804 carpitis
912 2731 1100 2804 supplicium.
1143 2731 1275 2790 Proinde
1296 2733 1384 2790 uotim
1400 2733 1602 2806 interpreteris
1616 2733 1724 2793 bonet.
1735 2747 1754 2785 u

356 2848 497 2894 moseum
525 2833 751 2890 admonitionem
778 2834 826 2890 oet
850 2847 870 2889 a
896 2837 974 2889 metu
1001 2832 1047 2888 oei
1072 2847 1092 2887 a
1118 2834 1200 2890 muta
1225 2835 1404 2892 eortseieutia
1427 2836 1579 2908 proficisci
1594 2837 1695 2908 potius

403 2951 490 3007 auam
509 2934 547 2991 ab
567 2950 669 2992 ataore
689 2935 746 3005 tui,
768 2949 871 3006 meque
889 2948 969 2990 uitae
989 2947 1083 2989 meum
1104 2936 1256 3006 nepoeiam
1279 2951 1370 3007 apere
1388 2938 1484 3007 inopis
1498 2953 1587 3012 quam
1603 2944 1693 2995 tntum.

403 3043 433 3094 ut
458 3037 639 3095 odiosissime
665 3035 794 3107 scribas,
824 3035 954 3108 priunum
988 3050 1043 3092 uec
1068 3033 1173 3092 bor'um
1202 3039 1346 3094 raetorum
1368 3039 1536 3095 insolentem
1566 3019 1694 3112 irapetes,
1706 3043 1764 3092 §.12

403 3126 455 3196 aec
469 3139 587 3194 ontrtino
602 3143 728 3203 mutunu-
750 3135 859 3194 deinde
874 3143 907 3192 ut
922 3135 1110 3207 obticescam,
1131 3142 1228 3195 tamen
1245 3140 1368 3209 pronius
1382 3140 1495 3195 laseris
1509 3146 1589 3196 terrem
1603 3142 1695 3213 ipsius

403 3241 645 3297 existimationem
667 3254 756 3311 petum
784 3254 888 3296 meum.
932 3253 1026 3311 quare
1049 3240 1137 3295 etiam
1157 3244 1248 3313 atquae
1273 3242 1360 3295 etiarn
1386 3240 1468 3310 eide,
1496 3241 1537 3296 mi
1559 3239 1755 3311 lindenaet*

374 3359 397 3398 ts
405 3348 434 3397 ut
454 3342 504 3399 bie
521 3348 602 3398 taam
620 3339 811 3413 prudentiam
833 3341 863 3396 in
886 3340 1039 3397 eonsilium
1066 3338 1210 3397 adbibeas
1232 3342 1331 3413 potius
1358 3354 1446 3410 artam
1464 3339 1626 3411 obsequere
1646 3344 1658 3399 l
1675 3373 1694 3382 -

404 3445 585 3500 rissiraorum
607 3442 756 3499 bominum
781 3442 947 3516 cupuditati.
993 3439 1076 3497 Bene
1105 3442 1178 3498 reete.
1223 3439 1355 3497 basileae
1383 3442 1413 3497 iu
1436 3441 1484 3498 die
1503 3457 1694 3513 paraseeues.

352 3617 355 3619 ‚
404 3543 439 3601 M
450 3544 478 3602 Ι)
496 3542 625 3602 XXIII.

785 3644 918 3718 Eupesto
938 3652 1018 3702 tuum
1040 3646 1313 3719 expostulationem.

405 3746 607 3756 —-——-——-

585 3777 595 3801 0

469 3844 491 3877 ¹²
509 3845 607 3896 lethali
623 3849 649 3896 3.
704 3844 724 3877 ¹⁷
744 3843 857 3911 fabulae]
878 3846 1001 3896 Erasmus
1019 3850 1068 3896 aruit
1086 3847 1135 3895 sert
1152 3848 1238 3896 elicere
1257 3860 1333 3894 erratis
1351 3861 1400 3893 nan
1419 3851 1457 3893 est
1477 3859 1543 3894 vera
1562 3844 1693 3905 eriminu3

402 3932 447 3979 sed
470 3947 502 3978 ea
517 3938 579 3994 post
596 3931 662 3997 bella
683 3933 732 3979 rite
757 3932 852 3980 iudicia
874 3937 1008 3981 serenitatum
1029 3948 1112 3982 mores
1135 3935 1252 3997 tepesqne
1274 3932 1340 3979 illius
1362 3934 1483 3994 temporis
1504 3946 1574 3978 attera
1597 3932 1694 3979 tutat'lia

402 4013 565 4063 metebantur.
603 4015 646 4066 cf.
664 4030 747 4079 supra
765 4011 1267 4066 num.euuxu.ecuxt'111.ccuxxx1.
1321 4015 1342 4046 ¹⁸
1367 4013 1542 4079 cotnesPal.]
1562 4016 1696 4064 Fruneisei

403 4098 582 4163 Siste-inpensis,
601 4104 674 4149 amici
693 4100 811 4155 IIutteai,
835 4104 973 4149 asera-tutus
991 4101 1077 4152 bostis.
1150 4101 1169 4132 ¹⁹
1188 4102 1286 4150 sumsit
1304 4102 1329 4148 t.
1399 4097 1419 4131 ²¹
1438 4102 1579 4165 negotium
1598 4103 1623 4149 2.
1636 4117 1693 4166 sqq.

402 4179 422 4212 ²¹
441 4181 686 4249 exiistiurationom]
707 4184 865 4247 tS'rriptorern
883 4186 1033 4242 inlluuerant
1057 4187 1132 4234 etium
1156 4186 1256 4235 erebrte
1277 4188 1442 4235 ettkensIoaes
1465 4189 1596 4250 rattltteque
1608 4188 1693 4235 ‘anieni-

403 4275 526 4326 rutiones,
547 4268 636 4332 quibus
654 4271 679 4317 ia
695 4269 825 4332 prioribus
843 4272 931 4332 inopiis
949 4269 1095 4333 litibusque,
1115 4277 1139 4318 ut
1158 4272 1183 4318 in
1202 4270 1266 4319 bello
1284 4277 1375 4318 contra
1393 4270 1483 4323 Letum.
1503 4274 1607 4318 ortianum
1624 4286 1693 4318 sertem

402 4353 562 4402 derrmlserut.
632 4350 654 4383 ’ὓ
672 4353 787 4401 Basileu
806 4356 834 4401 iu
853 4354 897 4401 ‹lit-
918 4355 1090 4401 l'ataseeves
1109 4355 1168 4402 sive
1187 4354 1228 4400 25.
1243 4355 1346 4402 Martii.
1368 4356 1393 4401 3.
1403 4356 1426 4401 b.
1480 4351 1501 4383 ²⁷
1519 4348 1692 4400 turxxllu.

402 4439 458 4486 tt.
516 4438 596 4486 Anno
612 4435 684 4486 152⁴.
706 4438 732 4485 3.
784 4434 806 4467 ²⁸
824 4438 964 4500 Exspecto
984 4439 1008 4484 i.
1031 4437 1124 4485 Verius
1142 4439 1252 4485 elisisset
1272 4436 1522 4489 vehementissime
1541 4449 1629 4497 angor
1648 4451 1691 4481 ex-

401 4523 560 4586 pectatione
573 4526 629 4571 tumr
643 4521 881 4585 expostulationiu
895 4546 928 4553 -
940 4521 1023 4569 Forte
1038 4520 1147 4568 fortuna
1161 4521 1255 4568 statim
1274 4519 1465 4581 subiungendu
1484 4523 1526 4564 est
1544 4522 1692 4579 expectata

401 4604 599 4672 expostulatio,
622 4620 702 4669 quam
721 4606 744 4654 si
763 4621 817 4654 non
836 4610 1015 4669 provocasset
1027 4605 1171 4663 Erasmus,
1192 4606 1251 4667 ipse
1271 4603 1379 4665 quidem
1398 4601 1558 4666 prudentius
1577 4602 1689 4662 egisset,

400 4706 447 4741 nos
472 4707 539 4742 vero
563 4696 619 4738 tutu
638 4687 774 4740 Erusmiei
793 4695 850 4738 tum
868 4688 1015 4738 Hutteniei
1034 4688 1141 4751 ingenii
1158 4687 1389 4751 prestantissima
1408 4685 1594 4748 descriptione
1614 4699 1690 4732 cure-

401 4790 498 4825 remus.
