<?xml version="1.0" encoding="UTF-8"?>
<!DOCTYPE html PUBLIC "-//W3C//DTD XHTML 1.0 Transitional//EN"
    "http://www.w3.org/TR/xhtml1/DTD/xhtml1-transitional.dtd">
<html xmlns="http://www.w3.org/1999/xhtml" xml:lang="en" lang="en">
 <head>
  <title>
</title>
<meta http-equiv="Content-Type" content="text/html;charset=utf-8" />
  <meta name='ocr-system' content='tesseract 3.04.00' />
  <meta name='ocr-capabilities' content='ocr_page ocr_carea ocr_par ocr_line ocrx_word'/>
</head>
<body>
  <div class='ocr_page' id='page_1' title='image "./ulrichihuttenie02huttgoog_0198.png"; bbox 0 0 4367 6084; ppageno 0'>
   <div class='ocr_carea' id='block_1_1' title="bbox 347 717 1638 789">
    <p class='ocr_par' dir='ltr' id='par_1_1' title="bbox 347 717 1638 789">
     <span class='ocr_line' id='line_1_1' title="bbox 347 717 1638 789; baseline -0.002 -4"><span class='ocrx_word' id='word_1_1' title='bbox 347 736 587 786; x_wconf 75' lang='lat' dir='ltr'>CCCVII.nnnsur</span> <span class='ocrx_word' id='word_1_2' title='bbox 598 751 634 785; x_wconf 83' lang='lat' dir='ltr'>m&gt;</span> <span class='ocrx_word' id='word_1_3' title='bbox 644 750 804 789; x_wconf 72' lang='lat' dir='ltr'>urrunnun.</span> <span class='ocrx_word' id='word_1_4' title='bbox 816 735 962 785; x_wconf 78' lang='lat' dir='ltr'>CCCVIII.</span> <span class='ocrx_word' id='word_1_5' title='bbox 972 749 1165 784; x_wconf 73' lang='lat' dir='ltr'>nnvnrrnsan</span> <span class='ocrx_word' id='word_1_6' title='bbox 1176 717 1333 785; x_wconf 69' lang='lat' dir='ltr'>evincimur.</span> <span class='ocrx_word' id='word_1_7' title='bbox 1342 740 1549 784; x_wconf 59' lang='lat' dir='ltr'>munnulus.</span> <span class='ocrx_word' id='word_1_8' title='bbox 1567 718 1638 788; x_wconf 78' lang='lat'>177</span> 
     </span>
    </p>
   </div>
   <div class='ocr_carea' id='block_1_2' title="bbox 320 906 1708 1638">
    <p class='ocr_par' dir='ltr' id='par_1_2' title="bbox 320 906 1708 1319">
     <span class='ocr_line' id='line_1_2' title="bbox 345 906 1708 983; baseline 0.003 -20"><span class='ocrx_word' id='word_1_9' title='bbox 345 910 597 983; x_wconf 83' lang='lat' dir='ltr'>inter-prophetas.</span> <span class='ocrx_word' id='word_1_10' title='bbox 640 908 699 965; x_wconf 86' lang='lat' dir='ltr'>Nou</span> <span class='ocrx_word' id='word_1_11' title='bbox 721 908 817 964; x_wconf 83' lang='lat' dir='ltr'>dubito</span> <span class='ocrx_word' id='word_1_12' title='bbox 841 907 905 980; x_wconf 87' lang='lat' dir='ltr'>quin</span> <span class='ocrx_word' id='word_1_13' title='bbox 929 908 980 963; x_wconf 84' lang='lat' dir='ltr'>ianr</span> <span class='ocrx_word' id='word_1_14' title='bbox 1002 907 1103 962; x_wconf 91' lang='lat' dir='ltr'>dudmn</span> <span class='ocrx_word' id='word_1_15' title='bbox 1125 908 1199 963; x_wconf 84' lang='lat' dir='ltr'>dicas</span> <span class='ocrx_word' id='word_1_16' title='bbox 1222 906 1365 974; x_wconf 77' lang='lat' dir='ltr'>‘Quorsum</span> <span class='ocrx_word' id='word_1_17' title='bbox 1393 908 1445 963; x_wconf 81' lang='lat' dir='ltr'>ista</span> <span class='ocrx_word' id='word_1_18' title='bbox 1469 916 1522 962; x_wconf 84' lang='lat' dir='ltr'>tam</span> <span class='ocrx_word' id='word_1_19' title='bbox 1545 907 1708 976; x_wconf 64' lang='lat' dir='ltr'>multarum.</span> 
     </span>
     <span class='ocr_line' id='line_1_3' title="bbox 347 990 1640 1067; baseline 0 -19"><span class='ocrx_word' id='word_1_20' title='bbox 347 1002 399 1049; x_wconf 86' lang='lat' dir='ltr'>tam</span> <span class='ocrx_word' id='word_1_21' title='bbox 422 994 542 1067; x_wconf 84' lang='lat' dir='ltr'>putida‘l’</span> <span class='ocrx_word' id='word_1_22' title='bbox 565 993 696 1048; x_wconf 80' lang='lat' dir='ltr'>Nimirum</span> <span class='ocrx_word' id='word_1_23' title='bbox 720 993 772 1048; x_wconf 91' lang='lat' dir='ltr'>huc</span> <span class='ocrx_word' id='word_1_24' title='bbox 795 1011 828 1047; x_wconf 90' lang='lat' dir='ltr'>ne</span> <span class='ocrx_word' id='word_1_25' title='bbox 851 992 965 1066; x_wconf 86' lang='lat' dir='ltr'>posthac</span> <span class='ocrx_word' id='word_1_26' title='bbox 988 992 1088 1047; x_wconf 88' lang='lat' dir='ltr'>talibus</span> <span class='ocrx_word' id='word_1_27' title='bbox 1111 990 1275 1046; x_wconf 89' lang='lat' dir='ltr'>rumusculis</span> <span class='ocrx_word' id='word_1_28' title='bbox 1297 991 1338 1046; x_wconf 81' lang='lat' dir='ltr'>vel</span> <span class='ocrx_word' id='word_1_29' title='bbox 1363 992 1497 1047; x_wconf 90' lang='lat' dir='ltr'>tantillum</span> <span class='ocrx_word' id='word_1_30' title='bbox 1521 1009 1640 1048; x_wconf 87' lang='lat' dir='ltr'>cummo-</span> 
     </span>
     <span class='ocr_line' id='line_1_4' title="bbox 346 1075 1639 1149; baseline 0 -19"><span class='ocrx_word' id='word_1_31' title='bbox 346 1079 450 1139; x_wconf 82' lang='lat' dir='ltr'>vearis‚</span> <span class='ocrx_word' id='word_1_32' title='bbox 485 1079 591 1133; x_wconf 89' lang='lat' dir='ltr'>etiamsi</span> <span class='ocrx_word' id='word_1_33' title='bbox 626 1076 717 1131; x_wconf 87' lang='lat' dir='ltr'>nullus</span> <span class='ocrx_word' id='word_1_34' title='bbox 748 1085 871 1132; x_wconf 82' lang='lat' dir='ltr'>accurrat</span> <span class='ocrx_word' id='word_1_35' title='bbox 894 1076 1012 1131; x_wconf 87' lang='lat' dir='ltr'>llilarius</span> <span class='ocrx_word' id='word_1_36' title='bbox 1042 1077 1087 1148; x_wconf 85' lang='lat' dir='ltr'>qui</span> <span class='ocrx_word' id='word_1_37' title='bbox 1119 1078 1145 1130; x_wconf 89' lang='lat' dir='ltr'>lc</span> <span class='ocrx_word' id='word_1_38' title='bbox 1174 1075 1306 1146; x_wconf 81' lang='lat' dir='ltr'>exhilaret</span> <span class='ocrx_word' id='word_1_39' title='bbox 1335 1077 1507 1149; x_wconf 82' lang='lat' dir='ltr'>animumque</span> <span class='ocrx_word' id='word_1_40' title='bbox 1536 1077 1639 1132; x_wconf 83' lang='lat' dir='ltr'>reddat.</span> 
     </span>
     <span class='ocr_line' id='line_1_5' title="bbox 345 1158 1639 1234; baseline -0.002 -18"><span class='ocrx_word' id='word_1_41' title='bbox 345 1162 458 1234; x_wconf 75' lang='lat' dir='ltr'><strong>Utrique</strong></span> <span class='ocrx_word' id='word_1_42' title='bbox 488 1163 571 1217; x_wconf 84' lang='lat' dir='ltr'>vidnae</span> <span class='ocrx_word' id='word_1_43' title='bbox 598 1162 761 1234; x_wconf 75' lang='lat' dir='ltr'>caeterisque</span> <span class='ocrx_word' id='word_1_44' title='bbox 790 1161 881 1216; x_wconf 89' lang='lat' dir='ltr'>amicis</span> <span class='ocrx_word' id='word_1_45' title='bbox 910 1159 1022 1215; x_wconf 86' lang='lat' dir='ltr'>multam</span> <span class='ocrx_word' id='word_1_46' title='bbox 1050 1177 1081 1215; x_wconf 84' lang='lat' dir='ltr'>ex</span> <span class='ocrx_word' id='word_1_47' title='bbox 1110 1178 1153 1216; x_wconf 88' lang='lat' dir='ltr'>me</span> <span class='ocrx_word' id='word_1_48' title='bbox 1182 1158 1296 1214; x_wconf 87' lang='lat' dir='ltr'>salntem</span> <span class='ocrx_word' id='word_1_49' title='bbox 1326 1160 1510 1216; x_wconf 78' lang='lat' dir='ltr'>annunciabis.</span> <span class='ocrx_word' id='word_1_50' title='bbox 1555 1160 1639 1215; x_wconf 85' lang='lat' dir='ltr'>Simul</span> 
     </span>
     <span class='ocr_line' id='line_1_6' title="bbox 320 1244 1640 1319; baseline -0.002 -19"><span class='ocrx_word' id='word_1_51' title='bbox 320 1255 428 1319; x_wconf 71' lang='lat' dir='ltr'>satque</span> <span class='ocrx_word' id='word_1_52' title='bbox 456 1264 487 1302; x_wconf 86' lang='lat' dir='ltr'>sc</span> <span class='ocrx_word' id='word_1_53' title='bbox 515 1246 651 1301; x_wconf 80' lang='lat' dir='ltr'><strong>remiserit</strong></span> <span class='ocrx_word' id='word_1_54' title='bbox 679 1246 787 1318; x_wconf 78' lang='lat' dir='ltr'>hyems.</span> <span class='ocrx_word' id='word_1_55' title='bbox 816 1244 1018 1318; x_wconf 84' lang='lat' dir='ltr'>provolabimus</span> <span class='ocrx_word' id='word_1_56' title='bbox 1041 1261 1055 1299; x_wconf 91' lang='lat' dir='ltr'>e</span> <span class='ocrx_word' id='word_1_57' title='bbox 1078 1244 1151 1299; x_wconf 82' lang='lat' dir='ltr'>nido.</span> <span class='ocrx_word' id='word_1_58' title='bbox 1190 1245 1343 1316; x_wconf 78' lang='lat' dir='ltr'>‘quonaml&#39;</span> <span class='ocrx_word' id='word_1_59' title='bbox 1372 1245 1486 1317; x_wconf 81' lang='lat' dir='ltr'>inquies.</span> <span class='ocrx_word' id='word_1_60' title='bbox 1531 1245 1569 1298; x_wconf 79' lang='lat' dir='ltr'>ad</span> <span class='ocrx_word' id='word_1_61' title='bbox 1593 1262 1640 1297; x_wconf 84' lang='lat' dir='ltr'>ves</span> 
     </span>
    </p>

    <p class='ocr_par' dir='ltr' id='par_1_3' title="bbox 345 1326 1641 1571">
     <span class='ocr_line' id='line_1_7' title="bbox 345 1326 1640 1403; baseline -0.002 -19"><span class='ocrx_word' id='word_1_62' title='bbox 345 1331 368 1384; x_wconf 86' lang='lat' dir='ltr'>si</span> <span class='ocrx_word' id='word_1_63' title='bbox 390 1330 465 1403; x_wconf 76' lang='lat' dir='ltr'>pacis</span> <span class='ocrx_word' id='word_1_64' title='bbox 488 1330 621 1384; x_wconf 81' lang='lat' dir='ltr'>allirlserit</span> <span class='ocrx_word' id='word_1_65' title='bbox 644 1331 792 1388; x_wconf 78' lang='lat' dir='ltr'>serenitas:</span> <span class='ocrx_word' id='word_1_66' title='bbox 822 1329 864 1383; x_wconf 90' lang='lat' dir='ltr'>sin</span> <span class='ocrx_word' id='word_1_67' title='bbox 888 1329 989 1389; x_wconf 88' lang='lat' dir='ltr'>minus,</span> <span class='ocrx_word' id='word_1_68' title='bbox 1020 1327 1083 1383; x_wconf 86' lang='lat' dir='ltr'>illuc</span> <span class='ocrx_word' id='word_1_69' title='bbox 1112 1328 1267 1400; x_wconf 87' lang='lat' dir='ltr'>ubieunque</span> <span class='ocrx_word' id='word_1_70' title='bbox 1291 1328 1373 1382; x_wconf 78' lang='lat' dir='ltr'>luent</span> <span class='ocrx_word' id='word_1_71' title='bbox 1396 1329 1517 1401; x_wconf 79' lang='lat' dir='ltr'>paratior</span> <span class='ocrx_word' id='word_1_72' title='bbox 1540 1326 1640 1382; x_wconf 85' lang='lat' dir='ltr'>saluta·</span> 
     </span>
     <span class='ocr_line' id='line_1_8' title="bbox 345 1411 1641 1489; baseline -0.002 -20"><span class='ocrx_word' id='word_1_73' title='bbox 345 1415 383 1469; x_wconf 86' lang='lat' dir='ltr'>ris</span> <span class='ocrx_word' id='word_1_74' title='bbox 406 1415 460 1469; x_wconf 85' lang='lat' dir='ltr'>riui</span> <span class='ocrx_word' id='word_1_75' title='bbox 483 1415 575 1489; x_wconf 85' lang='lat' dir='ltr'>copia:</span> <span class='ocrx_word' id='word_1_76' title='bbox 598 1422 658 1468; x_wconf 86' lang='lat' dir='ltr'>nam</span> <span class='ocrx_word' id='word_1_77' title='bbox 683 1414 773 1469; x_wconf 77' lang='lat' dir='ltr'>Romae</span> <span class='ocrx_word' id='word_1_78' title='bbox 796 1415 882 1487; x_wconf 86' lang='lat' dir='ltr'>pestis</span> <span class='ocrx_word' id='word_1_79' title='bbox 905 1413 999 1468; x_wconf 81' lang='lat' dir='ltr'>odiose</span> <span class='ocrx_word' id='word_1_80' title='bbox 1021 1411 1105 1472; x_wconf 88' lang='lat' dir='ltr'>ludit,</span> <span class='ocrx_word' id='word_1_81' title='bbox 1128 1429 1178 1467; x_wconf 90' lang='lat' dir='ltr'>nec</span> <span class='ocrx_word' id='word_1_82' title='bbox 1201 1412 1290 1467; x_wconf 87' lang='lat' dir='ltr'>minus</span> <span class='ocrx_word' id='word_1_83' title='bbox 1313 1412 1388 1467; x_wconf 74' lang='lat' dir='ltr'>sarrit</span> <span class='ocrx_word' id='word_1_84' title='bbox 1403 1412 1526 1466; x_wconf 76' lang='lat' dir='ltr'>Lutetiae.</span> <span class='ocrx_word' id='word_1_85' title='bbox 1571 1412 1641 1466; x_wconf 82' lang='lat' dir='ltr'>bene</span> 
     </span>
     <span class='ocr_line' id='line_1_9' title="bbox 346 1496 1416 1571; baseline -0.001 -20"><span class='ocrx_word' id='word_1_86' title='bbox 346 1497 417 1558; x_wconf 83' lang='lat' dir='ltr'>mle.</span> <span class='ocrx_word' id='word_1_87' title='bbox 442 1499 483 1564; x_wconf 66' lang='lat' dir='ltr'>sir</span> <span class='ocrx_word' id='word_1_88' title='bbox 505 1499 616 1571; x_wconf 83' lang='lat' dir='ltr'>optime.</span> <span class='ocrx_word' id='word_1_89' title='bbox 661 1497 787 1559; x_wconf 83' lang='lat' dir='ltr'>Rasileae,</span> <span class='ocrx_word' id='word_1_90' title='bbox 810 1497 917 1566; x_wconf 86' lang='lat' dir='ltr'>Calend.</span> <span class='ocrx_word' id='word_1_91' title='bbox 941 1497 1004 1553; x_wconf 86' lang='lat' dir='ltr'>Feb.</span> <span class='ocrx_word' id='word_1_92' title='bbox 1028 1499 1106 1552; x_wconf 82' lang='lat' dir='ltr'>hune</span> <span class='ocrx_word' id='word_1_93' title='bbox 1128 1497 1230 1551; x_wconf 88' lang='lat' dir='ltr'>demini</span> <span class='ocrx_word' id='word_1_94' title='bbox 1253 1497 1321 1550; x_wconf 82' lang='lat' dir='ltr'>llll.</span> <span class='ocrx_word' id='word_1_95' title='bbox 1330 1496 1416 1550; x_wconf 80' lang='lat' dir='ltr'>xxm.</span> 
     </span>
    </p>

    <p class='ocr_par' dir='ltr' id='par_1_4' title="bbox 948 1597 1043 1638">
     <span class='ocr_line' id='line_1_10' title="bbox 948 1597 1043 1638; baseline -0.032 -1"><span class='ocrx_word' id='word_1_96' title='bbox 948 1597 1043 1638; x_wconf 78' lang='lat' dir='ltr'>murs.</span> 
     </span>
    </p>
   </div>
   <div class='ocr_carea' id='block_1_3' title="bbox 311 2059 1621 2143">
    <p class='ocr_par' dir='ltr' id='par_1_5' title="bbox 311 2059 1621 2143">
     <span class='ocr_line' id='line_1_11' title="bbox 311 2059 1621 2143; baseline 0.004 -15"><span class='ocrx_word' id='word_1_97' title='bbox 311 2091 338 2128; x_wconf 82' lang='lat' dir='ltr'>lll</span> <span class='ocrx_word' id='word_1_98' title='bbox 364 2098 671 2133; x_wconf 75' lang='lat' dir='ltr'>uvtnvuornnisomcr.</span> <span class='ocrx_word' id='word_1_99' title='bbox 837 2095 844 2107; x_wconf 96' lang='lat'><em>&#39;</em></span> <span class='ocrx_word' id='word_1_100' title='bbox 889 2063 1095 2143; x_wconf 69' lang='lat' dir='ltr'>OCCVHI,</span> <span class='ocrx_word' id='word_1_101' title='bbox 1136 2059 1139 2063; x_wconf 33' lang='grc' dir='ltr'>Ι</span> <span class='ocrx_word' id='word_1_102' title='bbox 1419 2091 1621 2133; x_wconf 68' lang='grc' dir='ltr'><strong>13,ΡΕΒΒ.15Ὶ3.</strong></span> 
     </span>
    </p>
   </div>
   <div class='ocr_carea' id='block_1_4' title="bbox 549 2153 1638 2162">
    <p class='ocr_par' dir='ltr' id='par_1_6' title="bbox 549 2153 1638 2162">
     <span class='ocr_line' id='line_1_12' title="bbox 549 2153 1638 2162; baseline -0.001 1"><span class='ocrx_word' id='word_1_103' title='bbox 549 2153 684 2161; x_wconf 71' lang='grc' dir='ltr'>-σ--·</span> <span class='ocrx_word' id='word_1_104' title='bbox 1404 2154 1638 2162; x_wconf 76' lang='grc'>-----</span> 
     </span>
    </p>
   </div>
   <div class='ocr_carea' id='block_1_5' title="bbox 767 2204 1221 2397">
    <p class='ocr_par' dir='ltr' id='par_1_7' title="bbox 767 2204 1221 2397">
     <span class='ocr_line' id='line_1_13' title="bbox 767 2204 1221 2297; baseline -0.011 0"><span class='ocrx_word' id='word_1_105' title='bbox 767 2239 857 2297; x_wconf 83' lang='lat' dir='ltr'>orne</span> <span class='ocrx_word' id='word_1_106' title='bbox 880 2239 1048 2296; x_wconf 74' lang='lat' dir='ltr'>numinis</span> <span class='ocrx_word' id='word_1_107' title='bbox 1070 2204 1221 2294; x_wconf 80' lang='lat' dir='ltr'>nvinunm</span> 
     </span>
     <span class='ocr_line' id='line_1_14' title="bbox 780 2355 1205 2397; baseline -0.007 -1"><span class='ocrx_word' id='word_1_108' title='bbox 780 2356 881 2397; x_wconf 78' lang='lat' dir='ltr'>AMICO</span> <span class='ocrx_word' id='word_1_109' title='bbox 906 2355 1051 2397; x_wconf 72' lang='lat' dir='ltr'>CANDIDO</span> <span class='ocrx_word' id='word_1_110' title='bbox 1075 2356 1117 2396; x_wconf 79' lang='grc' dir='ltr'>ΕΤ</span> <span class='ocrx_word' id='word_1_111' title='bbox 1140 2355 1205 2397; x_wconf 83' lang='lat' dir='ltr'>Plo.</span> 
     </span>
    </p>
   </div>
   <div class='ocr_carea' id='block_1_6' title="bbox 315 2473 1641 3059">
    <p class='ocr_par' dir='ltr' id='par_1_8' title="bbox 315 2473 1641 3059">
     <span class='ocr_line' id='line_1_15' title="bbox 434 2473 1641 2548; baseline 0.002 -22"><span class='ocrx_word' id='word_1_112' title='bbox 434 2473 613 2532; x_wconf 77' lang='lat' dir='ltr'>Vehementer</span> <span class='ocrx_word' id='word_1_113' title='bbox 634 2474 723 2548; x_wconf 82' lang='lat' dir='ltr'>prebe</span> <span class='ocrx_word' id='word_1_114' title='bbox 746 2476 927 2531; x_wconf 82' lang='lat' dir='ltr'>constentiam</span> <span class='ocrx_word' id='word_1_115' title='bbox 951 2484 1023 2531; x_wconf 87' lang='lat' dir='ltr'>tunm</span> <span class='ocrx_word' id='word_1_116' title='bbox 1046 2483 1128 2548; x_wconf 84' lang='lat' dir='ltr'>utque</span> <span class='ocrx_word' id='word_1_117' title='bbox 1151 2475 1269 2530; x_wconf 91' lang='lat' dir='ltr'>aniumm</span> <span class='ocrx_word' id='word_1_118' title='bbox 1293 2474 1367 2529; x_wconf 91' lang='lat' dir='ltr'>illum</span> <span class='ocrx_word' id='word_1_119' title='bbox 1392 2476 1417 2529; x_wconf 93' lang='lat' dir='ltr'>iu</span> <span class='ocrx_word' id='word_1_120' title='bbox 1442 2484 1468 2530; x_wconf 83' lang='lat' dir='ltr'>tt·</span> <span class='ocrx_word' id='word_1_121' title='bbox 1491 2493 1552 2530; x_wconf 80' lang='lat' dir='ltr'>rere</span> <span class='ocrx_word' id='word_1_122' title='bbox 1576 2476 1641 2530; x_wconf 88' lang='lat' dir='ltr'>inri-</span> 
     </span>
     <span class='ocr_line' id='line_1_16' title="bbox 318 2560 1640 2632; baseline 0.002 -19"><span class='ocrx_word' id='word_1_123' title='bbox 318 2567 422 2613; x_wconf 79' lang='lat' dir='ltr'>netum</span> <span class='ocrx_word' id='word_1_124' title='bbox 445 2569 472 2614; x_wconf 82' lang='lat' dir='ltr'>et</span> <span class='ocrx_word' id='word_1_125' title='bbox 496 2560 677 2615; x_wconf 82' lang='lat' dir='ltr'>Christianum</span> <span class='ocrx_word' id='word_1_126' title='bbox 702 2602 944 2614; x_wconf 91' lang='grc'>...........</span> <span class='ocrx_word' id='word_1_127' title='bbox 967 2560 1096 2615; x_wconf 83' lang='lat' dir='ltr'>llimidius</span> <span class='ocrx_word' id='word_1_128' title='bbox 1119 2577 1204 2631; x_wconf 87' lang='lat' dir='ltr'>annus</span> <span class='ocrx_word' id='word_1_129' title='bbox 1228 2569 1270 2614; x_wconf 89' lang='lat' dir='ltr'>est</span> <span class='ocrx_word' id='word_1_130' title='bbox 1292 2560 1399 2632; x_wconf 76' lang='lat' dir='ltr'>quamdo</span> <span class='ocrx_word' id='word_1_131' title='bbox 1422 2578 1482 2614; x_wconf 84' lang='lat' dir='ltr'>eum</span> <span class='ocrx_word' id='word_1_132' title='bbox 1505 2577 1640 2615; x_wconf 79' lang='lat' dir='ltr'>retrimen-</span> 
     </span>
     <span class='ocr_line' id='line_1_17' title="bbox 346 2643 1641 2707; baseline 0 -11"><span class='ocrx_word' id='word_1_133' title='bbox 346 2643 449 2697; x_wconf 83' lang='lat' dir='ltr'>datitiis</span> <span class='ocrx_word' id='word_1_134' title='bbox 476 2644 564 2699; x_wconf 87' lang='lat' dir='ltr'>literis</span> <span class='ocrx_word' id='word_1_135' title='bbox 594 2644 673 2699; x_wconf 89' lang='lat' dir='ltr'>iussit</span> <span class='ocrx_word' id='word_1_136' title='bbox 702 2651 732 2698; x_wconf 94' lang='lat' dir='ltr'>ut</span> <span class='ocrx_word' id='word_1_137' title='bbox 760 2644 793 2699; x_wconf 86' lang='lat' dir='ltr'>ad</span> <span class='ocrx_word' id='word_1_138' title='bbox 821 2654 848 2701; x_wconf 90' lang='lat' dir='ltr'>te</span> <span class='ocrx_word' id='word_1_139' title='bbox 882 2645 949 2700; x_wconf 87' lang='lat' dir='ltr'>irem</span> <span class='ocrx_word' id='word_1_140' title='bbox 978 2644 1114 2704; x_wconf 85' lang='lat' dir='ltr'>Nesenus,</span> <span class='ocrx_word' id='word_1_141' title='bbox 1148 2644 1298 2700; x_wconf 83' lang='lat' dir='ltr'>communis</span> <span class='ocrx_word' id='word_1_142' title='bbox 1331 2653 1427 2699; x_wconf 86' lang='lat' dir='ltr'>nester</span> <span class='ocrx_word' id='word_1_143' title='bbox 1460 2644 1574 2707; x_wconf 62' lang='lat' dir='ltr'>arricum</span> <span class='ocrx_word' id='word_1_144' title='bbox 1608 2643 1641 2698; x_wconf 89' lang='lat' dir='ltr'>ab</span> 
     </span>
     <span class='ocr_line' id='line_1_18' title="bbox 347 2728 1641 2802; baseline 0.002 -21"><span class='ocrx_word' id='word_1_145' title='bbox 347 2728 439 2783; x_wconf 87' lang='lat' dir='ltr'>amicis</span> <span class='ocrx_word' id='word_1_146' title='bbox 469 2736 559 2784; x_wconf 85' lang='lat' dir='ltr'>autem</span> <span class='ocrx_word' id='word_1_147' title='bbox 583 2735 706 2794; x_wconf 87' lang='lat' dir='ltr'>retentus</span> <span class='ocrx_word' id='word_1_148' title='bbox 730 2746 790 2784; x_wconf 86' lang='lat' dir='ltr'>suin</span> <span class='ocrx_word' id='word_1_149' title='bbox 820 2730 846 2784; x_wconf 89' lang='lat' dir='ltr'>in</span> <span class='ocrx_word' id='word_1_150' title='bbox 876 2730 977 2802; x_wconf 79' lang='lat' dir='ltr'>oppidu</span> <span class='ocrx_word' id='word_1_151' title='bbox 1008 2728 1169 2800; x_wconf 85' lang='lat' dir='ltr'>Nncburge,</span> <span class='ocrx_word' id='word_1_152' title='bbox 1200 2747 1353 2802; x_wconf 84' lang='lat' dir='ltr'>quanquam</span> <span class='ocrx_word' id='word_1_153' title='bbox 1383 2729 1495 2784; x_wconf 79' lang='lat' dir='ltr'>necdum</span> <span class='ocrx_word' id='word_1_154' title='bbox 1524 2729 1641 2801; x_wconf 84' lang='lat' dir='ltr'>despen-</span> 
     </span>
     <span class='ocr_line' id='line_1_19' title="bbox 346 2811 1641 2887; baseline 0.003 -22"><span class='ocrx_word' id='word_1_155' title='bbox 346 2812 431 2866; x_wconf 88' lang='lat' dir='ltr'>derim</span> <span class='ocrx_word' id='word_1_156' title='bbox 464 2811 539 2868; x_wconf 92' lang='lat' dir='ltr'>illum</span> <span class='ocrx_word' id='word_1_157' title='bbox 572 2814 690 2868; x_wconf 85' lang='lat' dir='ltr'>animum</span> <span class='ocrx_word' id='word_1_158' title='bbox 723 2822 753 2868; x_wconf 87' lang='lat' dir='ltr'>ut</span> <span class='ocrx_word' id='word_1_159' title='bbox 786 2831 853 2868; x_wconf 82' lang='lat' dir='ltr'>eniri.</span> <span class='ocrx_word' id='word_1_160' title='bbox 904 2814 926 2868; x_wconf 85' lang='lat' dir='ltr'>si</span> <span class='ocrx_word' id='word_1_161' title='bbox 961 2815 1032 2868; x_wconf 90' lang='lat' dir='ltr'>enim</span> <span class='ocrx_word' id='word_1_162' title='bbox 1065 2815 1280 2887; x_wconf 72' lang='lat' dir='ltr'>perseveraverit</span> <span class='ocrx_word' id='word_1_163' title='bbox 1308 2814 1463 2886; x_wconf 83' lang='lat' dir='ltr'>persecutio</span> <span class='ocrx_word' id='word_1_164' title='bbox 1492 2812 1550 2874; x_wconf 82' lang='lat' dir='ltr'>illa.</span> <span class='ocrx_word' id='word_1_165' title='bbox 1581 2831 1641 2887; x_wconf 77' lang='lat' dir='ltr'>quu</span> 
     </span>
     <span class='ocr_line' id='line_1_20' title="bbox 347 2897 1640 2971; baseline 0.002 -21"><span class='ocrx_word' id='word_1_166' title='bbox 347 2897 417 2969; x_wconf 89' lang='lat' dir='ltr'>apud</span> <span class='ocrx_word' id='word_1_167' title='bbox 446 2914 496 2951; x_wconf 87' lang='lat' dir='ltr'>nes</span> <span class='ocrx_word' id='word_1_168' title='bbox 523 2898 574 2953; x_wconf 88' lang='lat' dir='ltr'>iam</span> <span class='ocrx_word' id='word_1_169' title='bbox 603 2905 714 2969; x_wconf 83' lang='lat' dir='ltr'>regnat,</span> <span class='ocrx_word' id='word_1_170' title='bbox 744 2907 825 2970; x_wconf 87' lang='lat' dir='ltr'>atque</span> <span class='ocrx_word' id='word_1_171' title='bbox 855 2897 930 2953; x_wconf 86' lang='lat' dir='ltr'>locus</span> <span class='ocrx_word' id='word_1_172' title='bbox 954 2899 1018 2953; x_wconf 90' lang='lat' dir='ltr'>mibi</span> <span class='ocrx_word' id='word_1_173' title='bbox 1041 2898 1124 2953; x_wconf 88' lang='lat' dir='ltr'>luerit</span> <span class='ocrx_word' id='word_1_174' title='bbox 1147 2898 1258 2953; x_wconf 88' lang='lat' dir='ltr'>relictus</span> <span class='ocrx_word' id='word_1_175' title='bbox 1281 2898 1407 2969; x_wconf 83' lang='lat' dir='ltr'>sullngii,</span> <span class='ocrx_word' id='word_1_176' title='bbox 1437 2915 1492 2952; x_wconf 87' lang='lat' dir='ltr'>nen</span> <span class='ocrx_word' id='word_1_177' title='bbox 1514 2915 1640 2971; x_wconf 89' lang='lat' dir='ltr'>spernam</span> 
     </span>
     <span class='ocr_line' id='line_1_21' title="bbox 315 2980 1641 3059; baseline 0.003 -26"><span class='ocrx_word' id='word_1_178' title='bbox 315 2980 413 3035; x_wconf 80' lang='lat' dir='ltr'>millud</span> <span class='ocrx_word' id='word_1_179' title='bbox 437 2981 580 3043; x_wconf 82' lang='lat' dir='ltr'>cmisilium</span> <span class='ocrx_word' id='word_1_180' title='bbox 596 2982 710 3059; x_wconf 80' lang='lat' dir='ltr'>Christi.</span> <span class='ocrx_word' id='word_1_181' title='bbox 734 2989 764 3036; x_wconf 90' lang='lat' dir='ltr'>ut</span> <span class='ocrx_word' id='word_1_182' title='bbox 787 2982 888 3054; x_wconf 76' lang='lat' dir='ltr'>fugium</span> <span class='ocrx_word' id='word_1_183' title='bbox 911 2982 944 3037; x_wconf 87' lang='lat' dir='ltr'>de</span> <span class='ocrx_word' id='word_1_184' title='bbox 967 3000 1019 3037; x_wconf 89' lang='lat' dir='ltr'>nnn</span> <span class='ocrx_word' id='word_1_185' title='bbox 1041 2981 1149 3038; x_wconf 74' lang='lat' dir='ltr'>civitate</span> <span class='ocrx_word' id='word_1_186' title='bbox 1174 2983 1199 3037; x_wconf 88' lang='lat' dir='ltr'>in</span> <span class='ocrx_word' id='word_1_187' title='bbox 1223 2982 1310 3036; x_wconf 72' lang='lat' dir='ltr'>ailiam.</span> <span class='ocrx_word' id='word_1_188' title='bbox 1355 3000 1436 3055; x_wconf 84' lang='lat' dir='ltr'>spere</span> <span class='ocrx_word' id='word_1_189' title='bbox 1459 2991 1549 3036; x_wconf 86' lang='lat' dir='ltr'>autem</span> <span class='ocrx_word' id='word_1_190' title='bbox 1571 2983 1641 3056; x_wconf 85' lang='lat' dir='ltr'>apud</span> 
     </span>
    </p>
   </div>
   <div class='ocr_carea' id='block_1_7' title="bbox 317 3064 1642 4064">
    <p class='ocr_par' dir='ltr' id='par_1_9' title="bbox 347 3064 1642 3390">
     <span class='ocr_line' id='line_1_22' title="bbox 348 3064 1641 3138; baseline 0.002 -20"><span class='ocrx_word' id='word_1_191' title='bbox 348 3082 394 3119; x_wconf 85' lang='lat' dir='ltr'>res</span> <span class='ocrx_word' id='word_1_192' title='bbox 423 3064 537 3121; x_wconf 90' lang='lat' dir='ltr'>liberum</span> <span class='ocrx_word' id='word_1_193' title='bbox 566 3066 630 3121; x_wconf 92' lang='lat' dir='ltr'>mibi</span> <span class='ocrx_word' id='word_1_194' title='bbox 659 3084 720 3121; x_wconf 92' lang='lat' dir='ltr'>esse</span> <span class='ocrx_word' id='word_1_195' title='bbox 747 3074 775 3121; x_wconf 82' lang='lat' dir='ltr'>et</span> <span class='ocrx_word' id='word_1_196' title='bbox 804 3066 922 3122; x_wconf 83' lang='lat' dir='ltr'>seribere</span> <span class='ocrx_word' id='word_1_197' title='bbox 951 3075 978 3121; x_wconf 87' lang='lat' dir='ltr'>el</span> <span class='ocrx_word' id='word_1_198' title='bbox 1006 3067 1095 3122; x_wconf 86' lang='lat' dir='ltr'>dicere</span> <span class='ocrx_word' id='word_1_199' title='bbox 1125 3084 1184 3138; x_wconf 71' lang='lat' dir='ltr'>qnae</span> <span class='ocrx_word' id='word_1_200' title='bbox 1211 3065 1363 3137; x_wconf 71' lang='lat' dir='ltr'>erningelicn</span> <span class='ocrx_word' id='word_1_201' title='bbox 1386 3074 1413 3120; x_wconf 82' lang='lat' dir='ltr'>et</span> <span class='ocrx_word' id='word_1_202' title='bbox 1436 3066 1564 3120; x_wconf 84' lang='lat' dir='ltr'>seditiosa</span> <span class='ocrx_word' id='word_1_203' title='bbox 1588 3082 1641 3121; x_wconf 84' lang='lat' dir='ltr'>neu</span> 
     </span>
     <span class='ocr_line' id='line_1_23' title="bbox 348 3138 1641 3224; baseline 0.002 -22"><span class='ocrx_word' id='word_1_204' title='bbox 348 3157 418 3203; x_wconf 87' lang='lat' dir='ltr'>sunt.</span> <span class='ocrx_word' id='word_1_205' title='bbox 463 3138 647 3206; x_wconf 82' lang='lat' dir='ltr'>conditionem</span> <span class='ocrx_word' id='word_1_206' title='bbox 677 3168 762 3205; x_wconf 79' lang='lat' dir='ltr'>menni</span> <span class='ocrx_word' id='word_1_207' title='bbox 792 3151 840 3205; x_wconf 89' lang='lat' dir='ltr'>tibi</span> <span class='ocrx_word' id='word_1_208' title='bbox 869 3151 979 3224; x_wconf 84' lang='lat' dir='ltr'>scripsit</span> <span class='ocrx_word' id='word_1_209' title='bbox 1008 3152 1125 3206; x_wconf 80' lang='lat' dir='ltr'>sortasse</span> <span class='ocrx_word' id='word_1_210' title='bbox 1147 3150 1280 3209; x_wconf 80' lang='lat' dir='ltr'>b&#39;esenus,</span> <span class='ocrx_word' id='word_1_211' title='bbox 1310 3157 1357 3204; x_wconf 88' lang='lat' dir='ltr'>aut</span> <span class='ocrx_word' id='word_1_212' title='bbox 1386 3150 1408 3204; x_wconf 93' lang='lat' dir='ltr'>si</span> <span class='ocrx_word' id='word_1_213' title='bbox 1439 3167 1493 3204; x_wconf 86' lang='lat' dir='ltr'>nen</span> <span class='ocrx_word' id='word_1_214' title='bbox 1522 3151 1641 3222; x_wconf 82' lang='lat' dir='ltr'>scripsit,</span> 
     </span>
     <span class='ocr_line' id='line_1_24' title="bbox 347 3233 1642 3307; baseline 0.001 -20"><span class='ocrx_word' id='word_1_215' title='bbox 347 3233 454 3289; x_wconf 80' lang='lat' dir='ltr'>aliunde</span> <span class='ocrx_word' id='word_1_216' title='bbox 476 3233 621 3306; x_wconf 85' lang='lat' dir='ltr'>aliquunde</span> <span class='ocrx_word' id='word_1_217' title='bbox 644 3235 713 3290; x_wconf 88' lang='lat' dir='ltr'>scies</span> <span class='ocrx_word' id='word_1_218' title='bbox 735 3253 815 3307; x_wconf 88' lang='lat' dir='ltr'>qnam</span> <span class='ocrx_word' id='word_1_219' title='bbox 838 3252 870 3289; x_wconf 83' lang='lat' dir='ltr'>ex</span> <span class='ocrx_word' id='word_1_220' title='bbox 893 3253 949 3290; x_wconf 87' lang='lat' dir='ltr'>me:</span> <span class='ocrx_word' id='word_1_221' title='bbox 972 3235 1054 3290; x_wconf 85' lang='lat' dir='ltr'>credo</span> <span class='ocrx_word' id='word_1_222' title='bbox 1077 3235 1099 3288; x_wconf 89' lang='lat' dir='ltr'>si</span> <span class='ocrx_word' id='word_1_223' title='bbox 1123 3234 1301 3294; x_wconf 74' lang='lat' dir='ltr'>incubueris,</span> <span class='ocrx_word' id='word_1_224' title='bbox 1326 3241 1425 3306; x_wconf 87' lang='lat' dir='ltr'>sponte</span> <span class='ocrx_word' id='word_1_225' title='bbox 1441 3233 1584 3305; x_wconf 84' lang='lat' dir='ltr'>aliquande</span> <span class='ocrx_word' id='word_1_226' title='bbox 1599 3252 1642 3288; x_wconf 87' lang='lat' dir='ltr'>me</span> 
     </span>
     <span class='ocr_line' id='line_1_25' title="bbox 349 3317 1641 3390; baseline -0.002 -18"><span class='ocrx_word' id='word_1_227' title='bbox 349 3336 479 3381; x_wconf 84' lang='lat' dir='ltr'>arcesses.</span> <span class='ocrx_word' id='word_1_228' title='bbox 524 3319 656 3374; x_wconf 83' lang='lat' dir='ltr'>Novarum</span> <span class='ocrx_word' id='word_1_229' title='bbox 681 3337 770 3374; x_wconf 89' lang='lat' dir='ltr'>rerum</span> <span class='ocrx_word' id='word_1_230' title='bbox 794 3337 865 3374; x_wconf 85' lang='lat' dir='ltr'>mmc</span> <span class='ocrx_word' id='word_1_231' title='bbox 888 3319 955 3373; x_wconf 89' lang='lat' dir='ltr'>nihil</span> <span class='ocrx_word' id='word_1_232' title='bbox 979 3318 1080 3380; x_wconf 81' lang='lat' dir='ltr'>buben,</span> <span class='ocrx_word' id='word_1_233' title='bbox 1113 3318 1164 3372; x_wconf 91' lang='lat' dir='ltr'>nisi</span> <span class='ocrx_word' id='word_1_234' title='bbox 1193 3318 1265 3390; x_wconf 82' lang='lat' dir='ltr'>quud</span> <span class='ocrx_word' id='word_1_235' title='bbox 1293 3318 1411 3389; x_wconf 86' lang='lat' dir='ltr'>pessimo</span> <span class='ocrx_word' id='word_1_236' title='bbox 1434 3317 1523 3371; x_wconf 82' lang='lat' dir='ltr'>eiiiiue</span> <span class='ocrx_word' id='word_1_237' title='bbox 1545 3325 1641 3390; x_wconf 84' lang='lat' dir='ltr'>captus</span> 
     </span>
    </p>

    <p class='ocr_par' dir='ltr' id='par_1_10' title="bbox 317 3399 1641 4064">
     <span class='ocr_line' id='line_1_26' title="bbox 317 3399 1641 3477; baseline 0.002 -24"><span class='ocrx_word' id='word_1_238' title='bbox 317 3411 391 3458; x_wconf 73' lang='lat' dir='ltr'>nest</span> <span class='ocrx_word' id='word_1_239' title='bbox 413 3403 506 3458; x_wconf 87' lang='lat' dir='ltr'>senior</span> <span class='ocrx_word' id='word_1_240' title='bbox 536 3403 606 3457; x_wconf 90' lang='lat' dir='ltr'>lilius</span> <span class='ocrx_word' id='word_1_241' title='bbox 629 3403 758 3475; x_wconf 77' lang='lat' dir='ltr'>Sicllingii</span> <span class='ocrx_word' id='word_1_242' title='bbox 789 3423 801 3458; x_wconf 86' lang='lat' dir='ltr'>a</span> <span class='ocrx_word' id='word_1_243' title='bbox 823 3403 947 3458; x_wconf 81' lang='lat' dir='ltr'>Palatino</span> <span class='ocrx_word' id='word_1_244' title='bbox 977 3410 1092 3477; x_wconf 81' lang='lat' dir='ltr'>tyranno</span> <span class='ocrx_word' id='word_1_245' title='bbox 1116 3402 1272 3474; x_wconf 79' lang='lat' dir='ltr'>etquidem</span> <span class='ocrx_word' id='word_1_246' title='bbox 1296 3401 1375 3454; x_wconf 85' lang='lat' dir='ltr'>etiam</span> <span class='ocrx_word' id='word_1_247' title='bbox 1399 3399 1443 3454; x_wconf 90' lang='lat' dir='ltr'>alii</span> <span class='ocrx_word' id='word_1_248' title='bbox 1467 3401 1560 3473; x_wconf 81' lang='lat' dir='ltr'>primm</span> <span class='ocrx_word' id='word_1_249' title='bbox 1583 3419 1641 3455; x_wconf 86' lang='lat' dir='ltr'>ser·</span> 
     </span>
     <span class='ocr_line' id='line_1_27' title="bbox 348 3483 1641 3561; baseline -0.001 -21"><span class='ocrx_word' id='word_1_250' title='bbox 348 3487 395 3546; x_wconf 83' lang='lat' dir='ltr'>tis.</span> <span class='ocrx_word' id='word_1_251' title='bbox 434 3487 459 3541; x_wconf 92' lang='lat' dir='ltr'>in</span> <span class='ocrx_word' id='word_1_252' title='bbox 491 3487 589 3561; x_wconf 84' lang='lat' dir='ltr'>quibus</span> <span class='ocrx_word' id='word_1_253' title='bbox 619 3505 725 3543; x_wconf 88' lang='lat' dir='ltr'>eumem</span> <span class='ocrx_word' id='word_1_254' title='bbox 755 3506 830 3561; x_wconf 84' lang='lat' dir='ltr'>spem</span> <span class='ocrx_word' id='word_1_255' title='bbox 860 3505 935 3543; x_wconf 89' lang='lat' dir='ltr'>suam</span> <span class='ocrx_word' id='word_1_256' title='bbox 965 3486 1146 3542; x_wconf 77' lang='lat' dir='ltr'>collocaverat</span> <span class='ocrx_word' id='word_1_257' title='bbox 1175 3485 1341 3540; x_wconf 81' lang='lat' dir='ltr'>Franciscus.</span> <span class='ocrx_word' id='word_1_258' title='bbox 1387 3483 1468 3538; x_wconf 85' lang='lat' dir='ltr'>llulta</span> <span class='ocrx_word' id='word_1_259' title='bbox 1498 3483 1577 3540; x_wconf 87' lang='lat' dir='ltr'>nobis</span> <span class='ocrx_word' id='word_1_260' title='bbox 1608 3486 1641 3539; x_wconf 90' lang='lat' dir='ltr'>de</span> 
     </span>
     <span class='ocr_line' id='line_1_28' title="bbox 348 3568 1640 3644; baseline 0 -20"><span class='ocrx_word' id='word_1_261' title='bbox 348 3571 397 3626; x_wconf 88' lang='lat' dir='ltr'>buc</span> <span class='ocrx_word' id='word_1_262' title='bbox 419 3572 478 3626; x_wconf 85' lang='lat' dir='ltr'>rire</span> <span class='ocrx_word' id='word_1_263' title='bbox 501 3589 564 3644; x_wconf 89' lang='lat' dir='ltr'>spes</span> <span class='ocrx_word' id='word_1_264' title='bbox 588 3572 655 3632; x_wconf 87' lang='lat' dir='ltr'>luit.</span> <span class='ocrx_word' id='word_1_265' title='bbox 679 3573 725 3626; x_wconf 90' lang='lat' dir='ltr'>sed</span> <span class='ocrx_word' id='word_1_266' title='bbox 742 3581 824 3627; x_wconf 80' lang='lat' dir='ltr'>ruurut</span> <span class='ocrx_word' id='word_1_267' title='bbox 841 3581 866 3627; x_wconf 88' lang='lat' dir='ltr'>et</span> <span class='ocrx_word' id='word_1_268' title='bbox 884 3572 974 3627; x_wconf 87' lang='lat' dir='ltr'>lalmnt</span> <span class='ocrx_word' id='word_1_269' title='bbox 991 3571 1064 3625; x_wconf 90' lang='lat' dir='ltr'>illius</span> <span class='ocrx_word' id='word_1_270' title='bbox 1080 3571 1183 3631; x_wconf 87' lang='lat' dir='ltr'>emnia,</span> <span class='ocrx_word' id='word_1_271' title='bbox 1213 3578 1240 3624; x_wconf 85' lang='lat' dir='ltr'>et</span> <span class='ocrx_word' id='word_1_272' title='bbox 1256 3569 1353 3623; x_wconf 87' lang='lat' dir='ltr'>nedmn</span> <span class='ocrx_word' id='word_1_273' title='bbox 1370 3568 1442 3623; x_wconf 91' lang='lat' dir='ltr'>illius</span> <span class='ocrx_word' id='word_1_274' title='bbox 1458 3569 1504 3623; x_wconf 90' lang='lat' dir='ltr'>sed</span> <span class='ocrx_word' id='word_1_275' title='bbox 1522 3569 1640 3624; x_wconf 75' lang='lat' dir='ltr'>cilinium</span> 
     </span>
     <span class='ocr_line' id='line_1_29' title="bbox 348 3653 1639 3729; baseline -0.001 -22"><span class='ocrx_word' id='word_1_276' title='bbox 348 3656 392 3727; x_wconf 81' lang='lat' dir='ltr'>qui</span> <span class='ocrx_word' id='word_1_277' title='bbox 416 3655 469 3711; x_wconf 89' lang='lat' dir='ltr'>iam</span> <span class='ocrx_word' id='word_1_278' title='bbox 498 3655 666 3728; x_wconf 69' lang='lat' dir='ltr'>euangelium</span> <span class='ocrx_word' id='word_1_279' title='bbox 695 3655 904 3729; x_wconf 84' lang='lat' dir='ltr'>arnplectuntnr.</span> <span class='ocrx_word' id='word_1_280' title='bbox 951 3656 1084 3711; x_wconf 91' lang='lat' dir='ltr'>lluttcnus</span> <span class='ocrx_word' id='word_1_281' title='bbox 1116 3663 1209 3709; x_wconf 86' lang='lat' dir='ltr'>nester</span> <span class='ocrx_word' id='word_1_282' title='bbox 1238 3653 1306 3708; x_wconf 88' lang='lat' dir='ltr'>male</span> <span class='ocrx_word' id='word_1_283' title='bbox 1335 3654 1431 3714; x_wconf 84' lang='lat' dir='ltr'>babet,</span> <span class='ocrx_word' id='word_1_284' title='bbox 1461 3660 1488 3708; x_wconf 90' lang='lat' dir='ltr'>et</span> <span class='ocrx_word' id='word_1_285' title='bbox 1516 3664 1567 3707; x_wconf 84' lang='lat' dir='ltr'>rins</span> <span class='ocrx_word' id='word_1_286' title='bbox 1595 3653 1639 3707; x_wconf 88' lang='lat' dir='ltr'>alii</span> 
     </span>
     <span class='ocr_line' id='line_1_30' title="bbox 348 3737 1639 3816; baseline 0 -25"><span class='ocrx_word' id='word_1_287' title='bbox 348 3740 447 3812; x_wconf 87' lang='lat' dir='ltr'>passim</span> <span class='ocrx_word' id='word_1_288' title='bbox 471 3740 662 3813; x_wconf 67' lang='lat' dir='ltr'>profligandum</span> <span class='ocrx_word' id='word_1_289' title='bbox 685 3740 843 3795; x_wconf 80' lang='lat' dir='ltr'>exibilumur</span> <span class='ocrx_word' id='word_1_290' title='bbox 866 3759 915 3814; x_wconf 92' lang='lat' dir='ltr'>per</span> <span class='ocrx_word' id='word_1_291' title='bbox 938 3749 1144 3816; x_wconf 65' lang='lat' dir='ltr'>nmuesjterrns</span> <span class='ocrx_word' id='word_1_292' title='bbox 1167 3748 1193 3793; x_wconf 91' lang='lat' dir='ltr'>et</span> <span class='ocrx_word' id='word_1_293' title='bbox 1216 3748 1291 3794; x_wconf 85' lang='lat' dir='ltr'>certe</span> <span class='ocrx_word' id='word_1_294' title='bbox 1313 3739 1405 3794; x_wconf 79' lang='lat' dir='ltr'>nescio</span> <span class='ocrx_word' id='word_1_295' title='bbox 1428 3738 1492 3809; x_wconf 83' lang='lat' dir='ltr'>quid</span> <span class='ocrx_word' id='word_1_296' title='bbox 1516 3739 1552 3792; x_wconf 92' lang='lat' dir='ltr'>sit</span> <span class='ocrx_word' id='word_1_297' title='bbox 1575 3737 1639 3792; x_wconf 89' lang='lat' dir='ltr'>mihi</span> 
     </span>
     <span class='ocr_line' id='line_1_31' title="bbox 320 3821 1641 3898; baseline 0.002 -23"><span class='ocrx_word' id='word_1_298' title='bbox 320 3824 537 3896; x_wconf 76' lang='lat' dir='ltr'>:usrrspicandrim</span> <span class='ocrx_word' id='word_1_299' title='bbox 561 3823 632 3879; x_wconf 87' lang='lat' dir='ltr'>mali.</span> <span class='ocrx_word' id='word_1_300' title='bbox 668 3825 785 3897; x_wconf 83' lang='lat' dir='ltr'>Spiritus</span> <span class='ocrx_word' id='word_1_301' title='bbox 808 3825 908 3880; x_wconf 82' lang='lat' dir='ltr'>Christi</span> <span class='ocrx_word' id='word_1_302' title='bbox 935 3844 995 3882; x_wconf 92' lang='lat' dir='ltr'>cum</span> <span class='ocrx_word' id='word_1_303' title='bbox 1025 3825 1123 3898; x_wconf 87' lang='lat' dir='ltr'>spiritu</span> <span class='ocrx_word' id='word_1_304' title='bbox 1153 3834 1209 3879; x_wconf 76' lang='lat' dir='ltr'>lud</span> <span class='ocrx_word' id='word_1_305' title='bbox 1254 3825 1347 3878; x_wconf 84' lang='lat' dir='ltr'>hmcu.</span> <span class='ocrx_word' id='word_1_306' title='bbox 1391 3823 1460 3877; x_wconf 81' lang='lat' dir='ltr'>Bene</span> <span class='ocrx_word' id='word_1_307' title='bbox 1483 3821 1549 3877; x_wconf 79' lang='lat' dir='ltr'>vale.</span> <span class='ocrx_word' id='word_1_308' title='bbox 1595 3825 1641 3877; x_wconf 80' lang='lat' dir='ltr'>Sn-</span> 
     </span>
     <span class='ocr_line' id='line_1_32' title="bbox 349 3906 1640 3983; baseline 0.001 -23"><span class='ocrx_word' id='word_1_309' title='bbox 349 3906 402 3961; x_wconf 90' lang='lat' dir='ltr'>luta</span> <span class='ocrx_word' id='word_1_310' title='bbox 419 3909 535 3963; x_wconf 85' lang='lat' dir='ltr'>bcmrcm</span> <span class='ocrx_word' id='word_1_311' title='bbox 559 3918 586 3964; x_wconf 90' lang='lat' dir='ltr'>et</span> <span class='ocrx_word' id='word_1_312' title='bbox 610 3926 716 3964; x_wconf 86' lang='lat' dir='ltr'>urrmem</span> <span class='ocrx_word' id='word_1_313' title='bbox 732 3910 912 3964; x_wconf 82' lang='lat' dir='ltr'>Christianum</span> <span class='ocrx_word' id='word_1_314' title='bbox 937 3911 1057 3966; x_wconf 77' lang='lat' dir='ltr'>fratrem.</span> <span class='ocrx_word' id='word_1_315' title='bbox 1103 3911 1208 3983; x_wconf 83' lang='lat' dir='ltr'>lluptim</span> <span class='ocrx_word' id='word_1_316' title='bbox 1231 3908 1311 3965; x_wconf 86' lang='lat' dir='ltr'>dnum</span> <span class='ocrx_word' id='word_1_317' title='bbox 1327 3907 1540 3963; x_wconf 86' lang='lat' dir='ltr'>Frartciscorum.</span> <span class='ocrx_word' id='word_1_318' title='bbox 1578 3907 1640 3962; x_wconf 78' lang='lat' dir='ltr'>hui-</span> 
     </span>
     <span class='ocr_line' id='line_1_33' title="bbox 350 3991 920 4064; baseline 0.019 -21"><span class='ocrx_word' id='word_1_319' title='bbox 350 3991 425 4064; x_wconf 74' lang='lat' dir='ltr'>lmrgi</span> <span class='ocrx_word' id='word_1_320' title='bbox 450 3993 659 4048; x_wconf 74' lang='lat' dir='ltr'>brischcierum.</span> <span class='ocrx_word' id='word_1_321' title='bbox 697 3993 732 4048; x_wconf 90' lang='lat' dir='ltr'>Id.</span> <span class='ocrx_word' id='word_1_322' title='bbox 750 3993 827 4049; x_wconf 84' lang='lat' dir='ltr'>Febr.</span> <span class='ocrx_word' id='word_1_323' title='bbox 847 4002 920 4054; x_wconf 69' lang='lat'>1523.</span> 
     </span>
    </p>
   </div>
   <div class='ocr_carea' id='block_1_8' title="bbox 908 4127 1074 4136">
    <p class='ocr_par' dir='ltr' id='par_1_11' title="bbox 908 4127 1074 4136">
     <span class='ocr_line' id='line_1_34' title="bbox 908 4127 1074 4136; baseline 0 -1"><span class='ocrx_word' id='word_1_324' title='bbox 908 4127 1074 4136; x_wconf 86' lang='lat'>———</span> 
     </span>
    </p>
   </div>
   <div class='ocr_carea' id='block_1_9' title="bbox 452 4173 1452 4252">
    <p class='ocr_par' dir='ltr' id='par_1_12' title="bbox 452 4173 1452 4252">
     <span class='ocr_line' id='line_1_35' title="bbox 452 4173 1452 4252; baseline 0.001 -30"><span class='ocrx_word' id='word_1_325' title='bbox 452 4173 676 4252; x_wconf 48' lang='lat' dir='ltr'>*QQCVIIL</span> <span class='ocrx_word' id='word_1_326' title='bbox 697 4175 819 4251; x_wconf 58' lang='lat' dir='ltr'>Ztiiugl—ii</span> <span class='ocrx_word' id='word_1_327' title='bbox 832 4175 901 4240; x_wconf 80' lang='lat' dir='ltr'>opp.</span> <span class='ocrx_word' id='word_1_328' title='bbox 917 4176 987 4237; x_wconf 82' lang='lat' dir='ltr'>(Ind.</span> <span class='ocrx_word' id='word_1_329' title='bbox 1000 4175 1067 4224; x_wconf 87' lang='lat' dir='ltr'>bibl.</span> <span class='ocrx_word' id='word_1_330' title='bbox 1082 4191 1108 4223; x_wconf 91' lang='lat' dir='ltr'>n.</span> <span class='ocrx_word' id='word_1_331' title='bbox 1122 4173 1176 4234; x_wconf 70' lang='lat'>81.)</span> <span class='ocrx_word' id='word_1_332' title='bbox 1196 4191 1221 4238; x_wconf 90' lang='lat' dir='ltr'>p.</span> <span class='ocrx_word' id='word_1_333' title='bbox 1235 4175 1293 4222; x_wconf 72' lang='lat'>27⁴2.</span> <span class='ocrx_word' id='word_1_334' title='bbox 1309 4190 1348 4238; x_wconf 86' lang='lat' dir='ltr'>sq.</span> <span class='ocrx_word' id='word_1_335' title='bbox 1362 4174 1399 4223; x_wconf 86' lang='lat' dir='ltr'>n⁰.</span> <span class='ocrx_word' id='word_1_336' title='bbox 1414 4190 1452 4223; x_wconf 81' lang='lat' dir='ltr'>xi.</span> 
     </span>
    </p>
   </div>
   <div class='ocr_carea' id='block_1_10' title="bbox 345 4359 1637 4842">
    <p class='ocr_par' dir='ltr' id='par_1_13' title="bbox 413 4359 1189 4425">
     <span class='ocr_line' id='line_1_36' title="bbox 413 4359 1189 4425; baseline -0.003 -17"><span class='ocrx_word' id='word_1_337' title='bbox 413 4359 419 4390; x_wconf 89' lang='lat'><strong>¹</strong></span> <span class='ocrx_word' id='word_1_338' title='bbox 441 4360 484 4408; x_wconf 81' lang='lat' dir='ltr'>Cf.</span> <span class='ocrx_word' id='word_1_339' title='bbox 499 4360 519 4407; x_wconf 94' lang='lat' dir='ltr'>l.</span> <span class='ocrx_word' id='word_1_340' title='bbox 533 4360 639 4425; x_wconf 83' lang='lat' dir='ltr'>Regum</span> <span class='ocrx_word' id='word_1_341' title='bbox 654 4361 686 4409; x_wconf 87' lang='lat' dir='ltr'>X.</span> <span class='ocrx_word' id='word_1_342' title='bbox 703 4359 789 4424; x_wconf 74' lang='lat' dir='ltr'>lhsq.</span> <span class='ocrx_word' id='word_1_343' title='bbox 843 4359 853 4390; x_wconf 84' lang='lat'><strong>³</strong></span> <span class='ocrx_word' id='word_1_344' title='bbox 873 4360 916 4408; x_wconf 81' lang='lat' dir='ltr'>Cf.</span> <span class='ocrx_word' id='word_1_345' title='bbox 932 4360 1039 4408; x_wconf 87' lang='lat' dir='ltr'>initium</span> <span class='ocrx_word' id='word_1_346' title='bbox 1054 4359 1189 4423; x_wconf 71' lang='lat' dir='ltr'>epistulae.</span> 
     </span>
    </p>

    <p class='ocr_par' dir='ltr' id='par_1_14' title="bbox 345 4440 1637 4842">
     <span class='ocr_line' id='line_1_37' title="bbox 413 4440 1637 4508; baseline -0.002 -16"><span class='ocrx_word' id='word_1_347' title='bbox 413 4442 434 4474; x_wconf 85' lang='lat'>¹⁰</span> <span class='ocrx_word' id='word_1_348' title='bbox 452 4440 598 4507; x_wconf 83' lang='lat' dir='ltr'>Nuibnrgi]</span> <span class='ocrx_word' id='word_1_349' title='bbox 617 4444 761 4508; x_wconf 85' lang='lat' dir='ltr'>Hodieque</span> <span class='ocrx_word' id='word_1_350' title='bbox 782 4444 945 4506; x_wconf 77' lang='lat' dir='ltr'>h&#39;eucuburp.</span> <span class='ocrx_word' id='word_1_351' title='bbox 966 4443 1036 4507; x_wconf 89' lang='lat' dir='ltr'>quod</span> <span class='ocrx_word' id='word_1_352' title='bbox 1056 4448 1100 4491; x_wconf 83' lang='lat' dir='ltr'>est</span> <span class='ocrx_word' id='word_1_353' title='bbox 1119 4443 1246 4506; x_wconf 88' lang='lat' dir='ltr'>oppidum</span> <span class='ocrx_word' id='word_1_354' title='bbox 1266 4442 1300 4489; x_wconf 84' lang='lat' dir='ltr'>ad</span> <span class='ocrx_word' id='word_1_355' title='bbox 1320 4441 1442 4490; x_wconf 83' lang='lat' dir='ltr'>Rhenum</span> <span class='ocrx_word' id='word_1_356' title='bbox 1467 4442 1541 4489; x_wconf 86' lang='lat' dir='ltr'>inter</span> <span class='ocrx_word' id='word_1_357' title='bbox 1560 4442 1637 4489; x_wconf 74' lang='lat' dir='ltr'>nasi-</span> 
     </span>
     <span class='ocr_line' id='line_1_38' title="bbox 346 4522 1636 4591; baseline -0.002 -16"><span class='ocrx_word' id='word_1_358' title='bbox 346 4525 416 4575; x_wconf 82' lang='lat' dir='ltr'>leam</span> <span class='ocrx_word' id='word_1_359' title='bbox 434 4527 634 4591; x_wconf 82' lang='lat' dir='ltr'>Brieucnmqne</span> <span class='ocrx_word' id='word_1_360' title='bbox 653 4529 744 4576; x_wconf 83' lang='lat' dir='ltr'>sitnm.</span> <span class='ocrx_word' id='word_1_361' title='bbox 816 4526 836 4558; x_wconf 78' lang='lat'>¹⁹</span> <span class='ocrx_word' id='word_1_362' title='bbox 854 4525 969 4590; x_wconf 79' lang='lat' dir='ltr'>Christi]</span> <span class='ocrx_word' id='word_1_363' title='bbox 989 4529 1095 4588; x_wconf 71' lang='lat' dir='ltr'>Evnng.</span> <span class='ocrx_word' id='word_1_364' title='bbox 1110 4543 1166 4574; x_wconf 85' lang='lat' dir='ltr'>sec.</span> <span class='ocrx_word' id='word_1_365' title='bbox 1182 4524 1280 4573; x_wconf 80' lang='lat' dir='ltr'>blattb.</span> <span class='ocrx_word' id='word_1_366' title='bbox 1295 4524 1376 4572; x_wconf 76' lang='lat' dir='ltr'>X.·.¹2l.</span> <span class='ocrx_word' id='word_1_367' title='bbox 1453 4522 1475 4555; x_wconf 86' lang='lat'>²⁰</span> <span class='ocrx_word' id='word_1_368' title='bbox 1493 4525 1550 4572; x_wconf 85' lang='lat' dir='ltr'>sed.</span> <span class='ocrx_word' id='word_1_369' title='bbox 1570 4524 1636 4589; x_wconf 82' lang='lat' dir='ltr'>riori]</span> 
     </span>
     <span class='ocr_line' id='line_1_39' title="bbox 345 4608 1637 4676; baseline -0.001 -19"><span class='ocrx_word' id='word_1_370' title='bbox 345 4608 393 4660; x_wconf 59' lang='lat' dir='ltr'>&#39;niun</span> <span class='ocrx_word' id='word_1_371' title='bbox 412 4626 466 4659; x_wconf 90' lang='lat' dir='ltr'>non</span> <span class='ocrx_word' id='word_1_372' title='bbox 484 4609 628 4661; x_wconf 82' lang='lat' dir='ltr'>seditiosu.</span> <span class='ocrx_word' id='word_1_373' title='bbox 693 4610 715 4642; x_wconf 68' lang='lat'>²⁰</span> <span class='ocrx_word' id='word_1_374' title='bbox 733 4609 830 4676; x_wconf 75' lang='lat' dir='ltr'>Leon]</span> <span class='ocrx_word' id='word_1_375' title='bbox 852 4611 904 4660; x_wconf 85' lang='lat' dir='ltr'>Iud</span> <span class='ocrx_word' id='word_1_376' title='bbox 920 4612 979 4660; x_wconf 81' lang='lat' dir='ltr'>nive</span> <span class='ocrx_word' id='word_1_377' title='bbox 997 4611 1107 4668; x_wconf 78' lang='lat' dir='ltr'>Indum,</span> <span class='ocrx_word' id='word_1_378' title='bbox 1127 4610 1320 4666; x_wconf 81' lang='lat' dir='ltr'>Turicensem‚</span> <span class='ocrx_word' id='word_1_379' title='bbox 1341 4613 1397 4654; x_wconf 83' lang='lat' dir='ltr'>rint.</span> <span class='ocrx_word' id='word_1_380' title='bbox 1412 4623 1437 4655; x_wconf 82' lang='lat' dir='ltr'>n.</span> <span class='ocrx_word' id='word_1_381' title='bbox 1455 4609 1538 4669; x_wconf 64' lang='lat'>1482,</span> <span class='ocrx_word' id='word_1_382' title='bbox 1558 4609 1637 4656; x_wconf 80' lang='lat' dir='ltr'>Busi-</span> 
     </span>
     <span class='ocr_line' id='line_1_40' title="bbox 346 4691 1636 4758; baseline -0.003 -15"><span class='ocrx_word' id='word_1_383' title='bbox 346 4693 395 4743; x_wconf 81' lang='lat' dir='ltr'>lcee</span> <span class='ocrx_word' id='word_1_384' title='bbox 415 4711 440 4743; x_wconf 82' lang='lat' dir='ltr'>a.</span> <span class='ocrx_word' id='word_1_385' title='bbox 459 4695 530 4744; x_wconf 75' lang='lat' dir='ltr'>mm.</span> <span class='ocrx_word' id='word_1_386' title='bbox 550 4700 696 4751; x_wconf 87' lang='lat' dir='ltr'>mortuum,</span> <span class='ocrx_word' id='word_1_387' title='bbox 717 4696 788 4744; x_wconf 88' lang='lat' dir='ltr'>inter</span> <span class='ocrx_word' id='word_1_388' title='bbox 800 4696 896 4746; x_wconf 84' lang='lat' dir='ltr'>doctos</span> <span class='ocrx_word' id='word_1_389' title='bbox 915 4695 974 4744; x_wconf 83' lang='lat' dir='ltr'>ciris</span> <span class='ocrx_word' id='word_1_390' title='bbox 992 4695 1124 4758; x_wconf 85' lang='lat' dir='ltr'>temporis</span> <span class='ocrx_word' id='word_1_391' title='bbox 1143 4708 1196 4741; x_wconf 89' lang='lat' dir='ltr'>non</span> <span class='ocrx_word' id='word_1_392' title='bbox 1215 4691 1323 4740; x_wconf 84' lang='lat' dir='ltr'>obscuri</span> <span class='ocrx_word' id='word_1_393' title='bbox 1337 4691 1455 4739; x_wconf 80' lang='lat' dir='ltr'>nominis</span> <span class='ocrx_word' id='word_1_394' title='bbox 1472 4691 1636 4756; x_wconf 79' lang='lat' dir='ltr'>praediceto-</span> 
     </span>
     <span class='ocr_line' id='line_1_41' title="bbox 345 4778 620 4842; baseline 0.007 -16"><span class='ocrx_word' id='word_1_395' title='bbox 345 4795 399 4828; x_wconf 90' lang='lat' dir='ltr'>rem</span> <span class='ocrx_word' id='word_1_396' title='bbox 419 4778 620 4842; x_wconf 79' lang='lat' dir='ltr'>euangelicum.</span> 
     </span>
    </p>
   </div>
   <div class='ocr_carea' id='block_1_11' title="bbox 411 5116 752 5169">
    <p class='ocr_par' dir='ltr' id='par_1_15' title="bbox 411 5116 752 5169">
     <span class='ocr_line' id='line_1_42' title="bbox 411 5116 752 5169; baseline -0.003 -1"><span class='ocrx_word' id='word_1_397' title='bbox 411 5116 543 5169; x_wconf 79' lang='lat' dir='ltr'>llrrrmu</span> <span class='ocrx_word' id='word_1_398' title='bbox 557 5116 625 5167; x_wconf 82' lang='lat' dir='ltr'>Oer.</span> <span class='ocrx_word' id='word_1_399' title='bbox 639 5131 702 5167; x_wconf 83' lang='lat' dir='ltr'>ron.</span> <span class='ocrx_word' id='word_1_400' title='bbox 716 5117 752 5167; x_wconf 87' lang='lat'>11.</span> 
     </span>
    </p>
   </div>
   <div class='ocr_carea' id='block_1_12' title="bbox 0 0 2188 6084">
    <p class='ocr_par' dir='ltr' id='par_1_16' title="bbox 0 0 2188 6084">
     <span class='ocr_line' id='line_1_43' title="bbox 0 0 2188 6084; baseline 0 2"><span class='ocrx_word' id='word_1_401' title='bbox 0 0 2188 6084; x_wconf 95' lang='lat' dir='ltr'> </span> 
     </span>
    </p>
   </div>
  </div>
 </body>
</html>
