4367 6084
510 738 582 809 324
686 752 886 802 cccxxxm.
907 766 1027 801 seonom
1040 766 1144 801 nonem
1158 766 1302 802 sorensis
1316 767 1490 802 osrrnomrs
1503 767 1637 801 nunnoni.

508 927 612 999 mapni
633 931 676 983 est
697 924 906 983 homunculum
932 926 1047 997 alioqui
1068 925 1242 982 moriturum
1267 926 1298 981 in
1321 925 1417 996 ipnem
1439 919 1609 984 coniicere?
1638 924 1749 983 docere
1775 939 1817 981 ac

507 1028 694 1104 persuadere
712 1042 853 1100 mapnum
868 1033 927 1084 est:
946 1042 983 1084 ne
996 1026 1161 1100 palinodiae
1174 1026 1292 1100 quidem
1307 1028 1369 1084 ilice
1386 1042 1569 1101 mapnopere
1582 1032 1698 1085 mouent
1712 1042 1815 1098 quen-

442 1136 510 1185 σω.
522 1146 630 1204 petam·
645 1131 710 1203 quis
723 1131 801 1187 enim
817 1144 874 1186 non
890 1130 934 1186 sic
948 1130 1176 1203 interpretatur,
1192 1129 1298 1186 maluit
1310 1128 1462 1202 pudefieri
1473 1144 1564 1202 quam
1578 1122 1689 1186 exuri?
1715 1126 1814 1196 cumn

509 1248 579 1292 nero
596 1246 654 1290 non
670 1231 846 1305 plausibile,
870 1245 959 1303 quum
981 1231 1136 1303 episeopus
1150 1232 1203 1303 aui
1216 1229 1340 1288 deheim
1353 1230 1460 1289 docere
1476 1229 1698 1303 philosophiam
1713 1245 1815 1286 murr-

506 1337 650 1408 pelicum,
673 1335 704 1391 in
725 1333 861 1406 tas-,qnae
879 1338 948 1390 sunt
967 1332 1056 1389 huius
1072 1332 1192 1401 mundi,
1210 1334 1371 1406 piusquam
1386 1338 1525 1405 satrapes
1544 1339 1605 1399 est‚·
1626 1334 1656 1390 in
1677 1331 1727 1388 his
1741 1346 1836 1403 quies

509 1443 579 1495 suni
595 1436 681 1508 fidei,
715 1434 791 1493 nihil
816 1434 905 1494 hahet
932 1435 991 1491 nisi
1012 1435 1167 1503 articulos,
1198 1449 1352 1505 carceres,
1384 1436 1541 1505 carnifices
1562 1441 1591 1492 et
1616 1427 1814 1491 incendium?

442 1544 509 1594 §.⁸²2
524 1539 587 1596 Non
604 1537 722 1612 pudeat
739 1539 891 1611 episcopos
912 1538 1026 1594 seruire
1046 1535 1192 1593 charitati
1212 1533 1405 1607 adustione,
1436 1536 1517 1609 quood
1533 1535 1641 1608 facere
1665 1550 1726 1592 non
1746 1550 1814 1608 pu-

512 1642 577 1699 duit
594 1641 738 1714 apostolos
745 1659 756 1705 ,·
777 1654 835 1696 non
852 1640 959 1712 pipeat
978 1638 1111 1696 eruditos
1131 1637 1276 1711 episeopis
1295 1653 1380 1695 merem
1399 1637 1539 1697 honorem
1560 1638 1699 1695 reddere.
1747 1635 1815 1693 Hoc

511 1744 628 1801 interim
653 1741 807 1800 consilium
835 1739 969 1798 dederim
998 1740 1116 1811 utrique
1133 1740 1234 1812 parti,
1268 1747 1300 1796 ut
1320 1741 1422 1796 neutri
1442 1739 1597 1812 addictus,
1626 1739 1814 1811 iterumque

442 1843 594 1903 §.uidene
615 1844 746 1917 cupiens.
790 1841 855 1915 Epo
882 1858 928 1900 me
952 1856 1093 1915 compono
1119 1840 1163 1896 ad
1182 1855 1247 1897 eum
1270 1840 1348 1897 diem
1369 1842 1422 1912 oui
1441 1855 1487 1898 me
1509 1843 1590 1899 sistet
1607 1848 1677 1899 ante
1699 1840 1814 1898 Christi
1825 1861 1848 1901 n

473 1968 475 1973 ·
511 1945 659 2011 tribunal·
680 1951 709 2002 et
729 1944 843 2002 idcirco
863 1943 901 2001 ah
923 1944 986 2001 istis
1006 1942 1208 2014 contentiosis,
1239 1944 1269 1999 in
1292 1942 1396 2014 quihus
1418 1943 1470 1999 vix
1485 1944 1556 2013 fieri
1570 1950 1667 2017 potest
1685 1948 1720 2000 ut
1739 1958 1813 1999 nm-

511 2055 592 2107 setur
613 2047 737 2120 aliquis,
760 2046 818 2103 uisi
836 2045 906 2103 dum
926 2043 1040 2116 seritur
1062 2049 1091 2102 et
1109 2042 1230 2115 referit,
1252 2044 1365 2117 perdiu
1383 2045 1558 2117 aliquidem
1578 2047 1632 2103 illa
1654 2046 1812 2117 tranquil-

511 2151 595 2208 litate
612 2148 776 2206 Christiani
794 2149 929 2222 spiritus.
953 2143 1108 2216 transfero
1128 2161 1175 2202 me
1195 2146 1238 2203 ad
1254 2162 1292 2204 ea
1310 2162 1378 2218 quoe
1399 2152 1492 2204 motus
1513 2147 1608 2204 animi
1622 2153 1811 2220 componunt,

443 2262 648 2325 §lupumque
665 2251 873 2309 conscientiam
895 2250 1109 2323 tranquillant:
1131 2262 1171 2303 ex
1188 2246 1429 2322 paraphrasihus
1449 2264 1590 2321 mapnum
1604 2248 1654 2307 hie
1673 2246 1811 2319 frictum

511 2369 622 2428 capere
642 2369 688 2411 me
705 2353 806 2410 sentio.
849 2366 906 2423 quo
925 2351 1021 2422 mapis
1040 2349 1114 2408 mihi
1131 2350 1224 2419 dotet,
1247 2349 1328 2420 quod
1347 2350 1378 2407 in
1392 2349 1452 2409 hac
1466 2351 1553 2421 rixa,
1577 2352 1648 2408 dum
1662 2354 1729 2422 lepo
1744 2364 1811 2422 quie
1822 2369 1843 2407 rs

511 2455 713 2513 calumniatur
728 2452 874 2510 Huttenus
892 2453 1021 2524 duraque
1043 2452 1123 2509 diluo
1144 2450 1292 2524 quoditie
1313 2453 1458 2524 asperpit,
1481 2458 1552 2510 totos
1572 2469 1627 2510 sex
1650 2452 1715 2510 dies
1732 2468 1810 2525 per-

513 2556 588 2615 didi.
634 2554 717 2614 Beue
740 2557 818 2623 nale,
843 2554 974 2625 quisquis
995 2569 1041 2625 es,
1066 2553 1197 2611 cerredide
1218 2555 1318 2610 tector.

959 2686 1215 2737 J’Vtidui'lauls
1234 2688 1284 2735 Ah
1302 2686 1366 2736 Ex-

897 2767 1125 2846 postulationem
1145 2773 1280 2845 Hutteni,
1301 2790 1360 2847 per
1379 2773 1417 2831 Ι).

952 2873 1112 2931 Erasmum
1135 2874 1365 2933 Boterodamum

1106 2975 1219 3024 FINIS.

902 3175 905 3181 -
954 3145 992 3194 IN
1011 3144 1198 3194 SPONGIAM
1217 3145 1362 3196 uunsul.

760 3249 900 3324 Appellato
923 3267 984 3307 meo
1006 3251 1118 3307 ‹lomino
1140 3268 1201 3306 sum
1223 3249 1358 3324 Spongia,
1381 3267 1473 3306 verum

802 3335 908 3391 Lectori
932 3335 1035 3410 populo
1058 3336 1154 3392 tetrica
1176 3334 1258 3409 Spina
1280 3352 1375 3392 vocor:

760 3421 793 3476 iu
815 3421 892 3476 euius
914 3421 981 3475 duro
1003 3421 1149 3477 confossus
1171 3421 1282 3493 cuspide
1305 3437 1392 3495 nuper

803 3504 926 3562 Concidit
948 3505 1068 3561 llnlteno
1092 3511 1233 3561 stemmate
1255 3504 1345 3561 clerus
1369 3523 1461 3580 eques.

822 3612 826 3621 ⁴
870 3621 998 3669 Ruricius
1017 3620 1122 3670 Cordus
1140 3620 1377 3685 Epigrammatum
1390 3620 1436 3669 vl.
1449 3619 1474 3669 9.
1493 3619 1537 3669 Fr.
1554 3619 1627 3669 1564.
1642 3619 1679 3669 8⁰.
1695 3620 1744 3669 iol.

1058 3704 1125 3753 uo.
1145 3704 1287 3755 Helmaesi.
1305 3704 1376 3754 roro.
1396 3704 1432 3754 8⁰.
1452 3723 1478 3771 p.
1494 3705 1555 3754 nuo.

542 3796 547 3799 .
555 3792 718 3800 ...Π-μ..

582 3872 593 3903 ²
612 3873 659 3922 illo
680 3877 704 3922 1.
716 3889 773 3939 sqq.
845 3871 865 3906 ¹⁶
884 3888 932 3922 sex
950 3872 1019 3939 dies]
1038 3874 1080 3924 Ne
1099 3876 1256 3925 coronidem
1275 3875 1384 3940 quidem
1402 3876 1463 3925 eine
1481 3875 1610 3924 mendaci
1628 3875 1769 3925 iaetantia
1782 3873 1811 3922 li·

515 3957 589 4006 bello
613 3971 662 4005 siro
686 3957 803 4022 imponit
820 3959 964 4009 Ennomus:
989 3959 1017 4007 iu
1041 3959 1161 4023 epistula
1184 3962 1237 4026 ipsi
1260 3962 1385 4026 spongiae
1402 3961 1559 4025 proemisen,
1584 3960 1608 4019 ξ.
1624 3958 1664 4008 12.
1686 3959 1811 4009 ‘Huttoni

516 4041 741 4106 expostulationi'
760 4042 850 4106 inquit
875 4042 979 4093 ‘statim
998 4045 1126 4108 respondi
1145 4045 1174 4093 in
1191 4060 1285 4094 mense
1303 4044 1402 4107 Iulio”,
1426 4050 1455 4095 et
1472 4046 1501 4094 in
1520 4046 1601 4109 episi.
1621 4045 1811 4094 secretissimo

518 4126 552 4174 nd
572 4125 735 4176 Goolenium
754 4125 1129 4192 o.·2.npril.a.15·24.nata
1148 4145 1219 4194 „ego
1238 4146 1299 4179 mox
1322 4144 1486 4194 paraveram
1511 4130 1737 4194 responsionem·
1757 4135 1808 4177 etc.

515 4210 595 4259 llnde
614 4216 731 4276 apparet
749 4227 796 4261 sex
815 4213 920 4262 dierum
939 4213 1030 4278 spolio
1048 4213 1122 4263 hono
1135 4213 1285 4278 Spongiam
1304 4229 1358 4263 non
1376 4214 1508 4263 crevisse.
1533 4213 1665 4263 Ceterum
1685 4214 1809 4278 equidem

515 4293 575 4358 plus
599 4311 679 4360 quarn
703 4312 752 4347 sex
770 4298 830 4347 dies
850 4299 878 4347 in
897 4314 931 4347 en
950 4285 1087 4347 elav'nndn
1112 4298 1366 4364 expumionndaqne
1385 4299 1502 4363 perdidi.
1538 4300 1615 4348 Bene
1634 4298 1712 4361 vele,
1734 4300 1811 4363 niger

515 4380 639 4429 lirnsme'.
