4367 6084
522 429 724 481 cccxxxffl.
745 444 865 481 seorsum
878 443 980 480 essum
993 444 1138 479 snvsssvs
1151 392 1325 479 aestuemus
1340 444 1472 478 aversus.
1571 416 1645 486 279

349 600 444 662 causa
466 606 561 662 sensi:
589 604 664 676 quid
688 605 716 662 si
744 602 855 661 iudicio
882 617 946 660 meo
971 600 1158 660 subscribunt
1183 604 1271 659 etiam
1297 618 1377 659 neeric
1394 603 1447 675 piri
1465 604 1575 661 enitent
1595 621 1647 662 cas

346 702 474 763 literas?
506 704 619 789 Habes,
642 707 746 773 lector,
770 703 967 778 impudentem
987 705 1213 777 assumptionem
1221 724 1232 768 ,·
1254 713 1334 762 nunc
1356 705 1422 762 tide
1437 720 1512 776 peras
1532 721 1641 763 causus
1657 711 1716 760 sss.

349 807 484 879 affmpul
511 808 587 864 tanti
610 808 760 863 criminis:
788 805 911 863 ‘urebar
936 807 1036 875 pluria
1066 804 1241 878 Copuionis,
1270 806 1349 878 quad
1376 808 1512 863 nonnulli
1534 823 1647 865 meusim

352 911 408 967 ‘illi
421 911 518 967 locum
533 906 659 972 dubunt,
683 914 716 965 ul
727 908 846 980 pariter
864 908 984 978 lircpuas
1003 907 1195 981 prouebenli‚·
1215 909 1352 965 nonnulli
1367 909 1493 965 alterum
1519 908 1649 965 Gernm-

332 1012 425 1068 ⁵‘nioe
444 1011 559 1068 oculsna
582 1004 765 1066 vocitabanl',
808 1007 873 1081 Epo
897 1010 950 1080 mli
973 1015 1053 1067 lanta
1075 1008 1171 1065 studio
1191 1024 1308 1082 semper
1324 1008 1395 1080 faui
1410 1011 1520 1081 liupuis
1539 1025 1577 1067 ac
1594 1009 1648 1067 bo-

349 1114 396 1169 nis
416 1113 525 1181 literis,
545 1109 633 1181 ferre
652 1125 710 1167 uon
726 1116 861 1182 poteram
883 1110 1027 1168 leomiuem
1050 1111 1127 1168 idern
1147 1118 1282 1183 aperilem
1302 1111 1383 1183 quaed
1402 1113 1539 1183 carpebam,
1559 1129 1647 1186 prie-

348 1214 449 1271 serlim
470 1207 622 1269 amicum?
647 1211 744 1269 Porro
763 1213 844 1285 arrad
862 1211 964 1270 scribit
987 1212 1025 1269 de
1045 1214 1140 1269 allero
1164 1212 1332 1269 Germanice
1353 1211 1450 1284 arido,
1474 1229 1531 1271 non
1551 1217 1637 1287 potui
1647 1219 1714 1268 §.totu

350 1314 451 1387 faleor
473 1313 583 1386 absque
601 1314 665 1370 risu
687 1315 803 1385 lepere:
831 1316 911 1371 itane
939 1312 1014 1370 mibi
1041 1314 1138 1370 studio
1161 1311 1225 1383 fuit
1248 1316 1369 1372 recluso
1393 1316 1543 1388 Cnpnione
1567 1316 1645 1373 Ger-

327 1416 481 1473 maniam
504 1417 616 1472 luscam
638 1410 789 1472 reddere?
822 1414 892 1484 (luis
917 1418 1010 1473 nescit
1036 1432 1082 1475 mc
1105 1414 1253 1487 Capnioni
1277 1417 1489 1475 candidissime
1511 1419 1647 1476 simulet

314 1518 583 1576 soconsmmlssime
600 1513 737 1586 fauisse?
757 1515 819 1587 Epo
841 1518 1000 1575 testimonio
1017 1517 1145 1573 omnium
1166 1516 1337 1587 quibusnam
1355 1516 1552 1588 familiariter
1573 1521 1644 1589 rici,

350 1635 407 1676 non
431 1618 591 1676 dubitarim
611 1634 707 1675 mores
728 1632 806 1675 meos
828 1619 872 1675 sic
894 1633 913 1674 a
935 1619 1035 1675 livoris
1058 1617 1158 1675 morbo
1183 1633 1332 1688 asserere,
1362 1626 1396 1677 ut
1422 1637 1441 1676 a
1468 1623 1548 1679 nullo
1576 1624 1643 1679 sitio

349 1722 446 1792 mupis
467 1719 569 1776 absim,
614 1719 695 1776 Audi
714 1734 793 1776 nunc
815 1721 941 1777 abluam
963 1718 1143 1790 effictionem
1166 1736 1251 1792 marre
1271 1719 1443 1790 effrontem:
1467 1723 1541 1779 ‘ideo
1562 1729 1634 1781 tetri·
1648 1728 1715 1777 stol.

337 1828 419 1898 ,flam
441 1821 537 1880 tribuo
553 1819 704 1893 Cupiloni,
728 1821 809 1893 quod
827 1821 963 1878 laudarit
977 1836 1072 1879 meum
1092 1837 1198 1878 nauium
1213 1828 1429 1893 testamenlum,
1452 1825 1646 1896 peremudmo—

351 1925 429 1982 ‘dum
450 1922 567 2007 feritet
581 1920 700 1982 Berus'.
748 1921 785 1978 b't
805 1923 1006 1979 diuersissima
1022 1926 1183 1981 connerlit:
1206 1925 1263 1980 imo
1284 1924 1350 1983 ideo
1369 1927 1425 1982 cilo
1443 1924 1520 1984 Beni
1539 1932 1567 1983 et
1583 1928 1645 1983 Cn-

285 2047 287 2052 *
320 2027 457 2101 oplanis
477 2024 675 2096 lbeoloparum
698 2023 735 2080 de
757 2023 836 2081 Nouo
858 2029 1028 2082 testamento
1050 2026 1207 2095 iudicium,
1229 2032 1262 2082 ut
1281 2025 1478 2098 lbeuloporum
1502 2029 1648 2086 clamares

351 2127 554 2196 retunderem,
583 2126 636 2199 qui
658 2124 735 2181 nibil
757 2123 893 2182 uolebant
911 2127 973 2196 lepi
992 2128 1051 2184 nisi
1073 2127 1112 2184 ab
1133 2129 1205 2200 ipsis
1222 2127 1392 2199 probatum.
1436 2131 1464 2186 si
1483 2131 1543 2202 lepi
1564 2130 1648 2188 debet

351 2229 432 2302 orrod
453 2226 601 2299 suffrapio
627 2226 826 2298 lbeoloporum
847 2226 1004 2299 probatum
1026 2234 1083 2296 est,
1115 2228 1169 2285 boc
1196 2243 1270 2301 opus
1297 2238 1365 2288 erat
1386 2247 1405 2287 a
1427 2231 1567 2302 tbealopis
1587 2247 1646 2290 non

351 2329 524 2403 inrlpnribus
542 2329 713 2403 probinum,
742 2327 822 2399 quod
842 2326 1039 2386 Loitauieuses
1066 2330 1194 2402 tleeolopi
1212 2330 1406 2390 damnabunt.
1451 2335 1551 2406 itaque
1572 2334 1648 2392 nibil

350 2432 549 2505 impudentius
562 2438 629 2487 erat
649 2435 703 2485 aut
723 2430 952 2506 intempestiuum
970 2431 1006 2487 iis
1027 2447 1094 2503 qum
1112 2433 1262 2489 declamat
1280 2433 1317 2491 de
1338 2436 1446 2492 alierum
1463 2437 1570 2507 pluria
1590 2436 1644 2493 ab·
1669 2433 1674 2441 '

318 2534 534 2592 rolrectaliouc.
580 2529 667 2590 Nunc
697 2547 765 2588 uero
791 2531 965 2588 ueniendum
992 2532 1035 2589 ad
1054 2534 1131 2590 illud
1148 2536 1260 2592 crimen
1282 2535 1463 2595 barrendum
1484 2544 1514 2594 el
1535 2543 1633 2604 utros,
1646 2546 1713 2595 §.rou

350 2637 435 2694 euius
452 2633 598 2690 Huttenus
619 2638 709 2704 nepai
727 2648 758 2689 se
779 2648 909 2705 linquam
932 2633 1006 2690 mibi
1021 2637 1152 2704 pralium
1175 2634 1331 2706 facturum
1360 2655 1448 2711 quum
1476 2641 1515 2696 sit
1535 2641 1647 2712 alioqui

349 2712 607 2801 clementissimus·
628 2736 691 2807 ipse
708 2733 809 2791 barret
827 2732 943 2791 dicere:
965 2736 995 2791 in
1017 2738 1141 2808 epistola
1161 2739 1292 2808 piendam
1310 2741 1354 2798 ad
1368 2739 1548 2814 Episcopum
1562 2740 1645 2812 Iiof-

347 2838 464 2910 fensem
481 2837 660 2910 Capnionem
674 2836 810 2893 insimulo
828 2836 975 2907 perfidia.
1020 2835 1058 2892 In
1079 2843 1139 2894 tum
1162 2841 1259 2896 atroci
1274 2838 1429 2910 facinore,
1451 2857 1552 2914 operte
1566 2859 1644 2914 pre-

299 2991 303 2994 .
351 2942 429 2998 cium
452 2944 496 2996 est
512 2940 578 3010 ipsa
600 2939 732 3011 epistola
753 2952 827 2993 mete
849 2935 937 2993 uerba
958 2935 1151 2996 subscribere.
1195 2940 1330 3011 „Carisa
1358 2943 1385 2998 si
1412 2958 1482 2998 uera
1505 2951 1644 3005 narrant.

316 3041 437 3113 u,‚biec
455 3039 534 3111 fuit:
561 3055 650 3113 quum
675 3040 842 3112 periculum
873 3043 948 3094 esset
974 3054 1012 3094 ne
1038 3039 1104 3096 diue
1129 3040 1407 3114 Wertemberpeusis
1428 3042 1644 3115 Studpardium

351 3144 531 3216 ‚‚reciperel,
554 3141 737 3199 Ilcueblinus
750 3138 861 3197 ciuibus
883 3140 994 3210 aliquot
1009 3149 1076 3198 erul
1092 3148 1193 3212 autor,
1219 3150 1250 3200 ut
1271 3146 1330 3200 atio
1344 3145 1560 3215 demiprarent,
1583 3147 1645 3218 ipse

351 3260 466 3315 „comes
487 3245 544 3302 illis
563 3242 696 3313 futurus.
737 3222 943 3314 profupmanl
960 3242 1023 3308 illi,·
1044 3241 1228 3302 Ileuebliuus
1248 3250 1359 3302 nrulalo
1381 3246 1503 3304 consilio
1528 3248 1644 3317 mansit,

352 3363 434 3429 „siue
457 3345 814 3417 supellectili*corrsulens
858 3342 973 3401 Deinde
999 3361 1106 3402 rursus
1131 3348 1292 3419 proflipolo
1316 3347 1391 3405 duce
1416 3364 1474 3421 per
1502 3348 1645 3420 quosdam

351 3450 481 3519 „amicos
502 3449 703 3520 impetratum,
724 3461 762 3502 ne
783 3446 875 3503 uictor
900 3448 1049 3504 coercitus
1066 3449 1184 3505 serviret
1205 3450 1235 3505 in
1258 3448 1375 3507 domum
1398 3449 1571 3520 Rcucblini,
1593 3451 1647 3507 sed

316 3553 450 3619 metues
469 3551 514 3606 illi
533 3564 605 3622 piros
625 3546 795 3618 fefellerat,
824 3549 938 3604 reuersi
963 3548 1142 3607 exbibebanl
1161 3552 1226 3607 seui
1246 3553 1415 3622 nepocium,·
1443 3568 1523 3609 urina
1544 3554 1644 3609 omnio

351 3669 426 3723 „sua
447 3653 553 3709 educit
573 3651 657 3706 salim
679 3654 708 3706 el
721 3647 917 3720 Inpolesladii
930 3653 1123 3723 tranquillum
1145 3653 1209 3723 apil
1230 3651 1346 3710 rilarn.’'
1391 3653 1543 3713 Hactenus
1564 3657 1631 3728 epi·
1646 3661 1714 3711 §.lib

350 3757 434 3811 statie
449 3752 538 3809 uerba
558 3753 703 3809 recensui.
748 3766 827 3807 neeric
849 3766 911 3807 rem
932 3756 963 3808 ul
984 3752 1071 3809 babel
1088 3755 1195 3826 porrois
1217 3757 1336 3828 accipe,
1368 3758 1467 3814 lector.
1512 3757 1644 3815 Primum

351 3871 440 3929 quam
464 3856 560 3912 arnico
582 3854 681 3909 auimo
700 3850 814 3921 fuerim
834 3853 864 3908 in
887 3851 1099 3925 Reieclrtinurn,
1123 3872 1179 3913 nou
1203 3857 1288 3913 inodo
1310 3863 1394 3915 testes
1413 3866 1482 3916 sunl
1501 3874 1574 3916 mete
1593 3862 1645 3917 lu-

350 3958 550 4024 cubrationes,
571 3969 670 4011 uerum
690 3954 777 4010 etium
795 3969 894 4010 omnies
912 3953 1083 4025 uiribuscum
1099 3955 1296 4027 familiariter
1309 3960 1380 4015 ltr'ael'.
1424 3965 1493 4016 ante
1509 3962 1645 4032 complu-
1700 3975 1703 3979 ·

317 4065 400 4117 ³⁵res
422 4073 517 4115 annas
538 4072 626 4129 quum
650 4056 783 4128 Cupniou
803 4063 961 4128 urperelur
980 4073 999 4113 a
1019 4057 1209 4130 spcopbnnlis
1228 4060 1303 4128 suis,
1323 4060 1444 4131 scripsit
1464 4060 1507 4116 ad
1525 4076 1571 4118 mc
1586 4067 1645 4118 lum

352 4167 488 4232 aperilem
515 4160 545 4216 ia
568 4159 693 4230 Anatim,
719 4163 754 4238 ut
779 4159 943 4215 correiliatis
970 4159 1082 4230 aliquot
1106 4160 1210 4215 amicis
1232 4159 1407 4216 innocentiae
1428 4175 1491 4215 sure
1506 4164 1645 4232 patroci-

350 4264 431 4319 nium
453 4261 654 4333 suseiperem.·
687 4259 736 4317 bic
751 4260 824 4331 plus
840 4260 968 4331 prmsliti
988 4275 1076 4330 quum
1097 4259 1238 4330 rapubul,·
1260 4275 1354 4331 neque
1374 4260 1450 4316 enim
1467 4263 1559 4317 sotum
1575 4263 1714 4320 litiosam.

351 4365 458 4421 multos
481 4362 602 4419 adduxi
620 4362 650 4418 in
673 4375 803 4418 umorem
825 4360 919 4430 illius,
945 4374 1044 4417 lterum
1072 4361 1160 4416 eliam
1182 4359 1285 4416 Romu
1310 4360 1515 4418 cardinalibus
1536 4364 1648 4435 aliquot

352 4467 433 4523 iltius
464 4479 588 4522 causum
616 4463 827 4523 commendari.
870 4463 946 4519 inter
973 4477 1022 4519 eos
1049 4469 1146 4518 nutem
1176 4477 1247 4533 uiros
1273 4464 1319 4521 illi
1343 4465 1537 4522 conciliarum
1565 4466 1651 4538 apud

421 4665 431 4697 ²
450 4668 474 4725 ξ.
492 4622 559 4730 litis]
580 4665 688 4714 erasmi
707 4663 810 4714 candor
828 4679 875 4728 pro
894 4662 1073 4712 dealbatione
1094 4662 1211 4726 fucoque
1233 4664 1259 4712 in
1279 4665 1452 4729 proverbium
1472 4664 1549 4713 abire
1568 4668 1648 4716 meri·

352 4757 397 4801 tus
417 4756 467 4801 est.
520 4749 541 4783 ²¹
562 4751 598 4801 cf.
612 4752 724 4816 Expust.
737 4751 776 4810 §§.
790 4749 832 4799 ab.
845 4764 903 4815 sqq.
