4367 6084
550 735 720 788 CCXXXIV.
740 749 862 785 uvarum
876 749 912 784 sn
926 747 1055 784 canneru
1070 749 1127 783 rur.
1142 747 1184 783 se.
1204 749 1229 783 n.
1245 741 1277 782 tt.
1292 747 1376 782 uase.
1392 739 1450 779 tort.
1605 712 1653 784 43
1666 710 1683 741 ⁰

363 909 421 970 rias
443 906 638 967 contumelia.
683 903 788 982 Magno
817 905 895 964 varie
924 903 1031 981 pudori
1053 904 1159 964 adfecti
1182 921 1284 964 snnms
1306 905 1447 981 proximis
1469 903 1567 971 annis;
1597 902 1723 963 hoctar.

362 1020 392 1070 tu
416 1029 453 1069 ne
476 1009 551 1068 adde
573 1015 606 1068 ut
628 1008 734 1085 quibos
756 1009 903 1084 imperare
926 1013 954 1065 et
976 1013 1060 1083 potes
1083 1013 1112 1065 et
1133 1005 1238 1073 debes,
1270 1008 1304 1065 iis
1326 1006 1403 1066 nltro
1425 1007 1546 1075 servias,
1569 1012 1657 1083 atque

360 1115 397 1171 ita
426 1113 536 1193 servias
565 1116 598 1168 nt
625 1109 761 1169 omnibus
789 1107 875 1167 simul
904 1107 988 1166 nobis
1016 1115 1167 1167 externam
1200 1089 1368 1168 servitutem
1402 1109 1538 1186 imperes
1583 1107 1657 1166 Nam

361 1213 431 1291 qnid
455 1211 522 1271 mali
546 1213 584 1271 ita
607 1210 762 1270 Germania
786 1210 908 1277 meruit,
932 1215 965 1268 nt
986 1215 1097 1296 tecum,
1121 1228 1180 1268 non
1203 1227 1258 1286 pro
1280 1217 1309 1269 te
1332 1209 1452 1286 pereat?
1475 1210 1533 1270 dne
1552 1228 1606 1268 nos
1628 1211 1657 1267 in

338 1315 553 1373 sntaoitostoro
578 1314 674 1389 potins
696 1301 874 1389 perieulum,
898 1310 955 1370 dne
976 1311 1006 1369 in
1031 1312 1157 1379 terrum,
1181 1311 1238 1370 dne
1260 1312 1289 1370 in
1313 1313 1408 1389 ignem
1432 1317 1544 1371 cunetae
1560 1313 1588 1370 iu
1605 1329 1659 1370 nos

361 1418 498 1475 nationes
521 1415 705 1491 conspirent,
730 1431 831 1472 omnes
854 1419 942 1472 ruant
963 1411 1078 1489 populi,
1103 1413 1233 1472 omnium
1257 1415 1433 1489 impetamur
1454 1413 1559 1481 armis,
1582 1420 1614 1472 nt
1629 1414 1657 1471 in

361 1514 497 1595 perieulo
519 1516 655 1575 virtutem
678 1516 805 1592 experiri
827 1517 925 1592 potius
948 1513 1033 1573 lieeat
1055 1532 1144 1592 (poam
1172 1514 1382 1600 siedemisse,
1412 1514 1454 1573 sie
1481 1531 1540 1573 non
1569 1513 1658 1573 virili-

360 1626 424 1686 ter,
460 1618 522 1676 sine
557 1617 646 1675 armis
680 1623 707 1676 et
742 1616 822 1675 crede
850 1615 1035 1675 lmnrinornm
1063 1633 1146 1674 more
1174 1616 1402 1722 sweombamos
1431 1623 1463 1675 et'
1487 1617 1657 1675 serviamus,

309 1731 359 1775 ιιιι
397 1717 405 1801 Ι
429 1722 504 1797 Spes
519 1718 573 1777 init
587 1719 752 1778 Romanum
768 1724 830 1777 tea
846 1716 929 1777 nobis
945 1719 1045 1793 iugum
1061 1716 1244 1785 ablaturum,
1267 1718 1351 1778 istam
1374 1719 1545 1794 pontificum
1561 1723 1658 1805 tyren·
1668 1722 1728 1772 §.³⁷-

317 1841 350 1880 ιο
360 1823 461 1887 uidem
484 1818 707 1879 demoliturum:
731 1819 771 1878 dii
792 1817 884 1878 laxint
904 1818 1025 1878 meliora
1048 1819 1106 1878 sint
1127 1839 1191 1897 qum
1212 1826 1373 1898 sequentur
1394 1819 1450 1878 boe
1467 1819 1658 1896 principium:

363 1912 435 1983 nam
458 1920 555 1980 adbuc
578 1921 631 1980 etsi
653 1938 787 1980 summus
808 1938 867 1979 non
892 1927 935 1978 est
958 1927 1068 1989 metus,
1097 1927 1194 1980 tauron
1224 1923 1311 1980 etiam
1339 1921 1513 1980 confidentia
1544 1939 1608 1979 esse
1630 1922 1659 1979 in

362 2027 419 2085 bae
442 2020 604 2083 bumilitate
628 2041 692 2101 qnae
714 2028 824 2100 potest,
848 2028 962 2081 tantum
985 2014 1208 2098 imperatorem,
1239 2040 1339 2099 regem
1363 2029 1405 2081 tot
1427 2023 1576 2082 nationum
1599 2028 1657 2081 tam

366 2134 513 2204 promptae
535 2124 682 2184 servitutis
705 2141 769 2183 esse
791 2129 822 2182 ut
846 2103 911 2200 cogi
933 2141 993 2181 non
1016 2126 1171 2200 expectes?
1200 2125 1276 2183 scias
1298 2126 1376 2183 euim
1398 2123 1576 2202 asperioribus
1598 2125 1727 2183 ani-trs.

365 2230 421 2288 mis
449 2227 562 2287 laturos
590 2226 678 2285 inisse
702 2227 865 2286 Germanos
892 2224 983 2302 siquis
1013 2225 1212 2302 experientem
1244 2235 1271 2286 te
1299 2226 1414 2285 vicisset
1441 2223 1551 2296 viribus
1574 2232 1602 2284 et
1624 2225 1661 2284 ad

331 2343 355 2383 ¹⁵
367 2329 550 2389 conditiones
578 2328 658 2405 paris
686 2327 771 2386 etiam
801 2343 860 2384 non
892 2324 1017 2385 multum
1039 2330 1139 2404 aerpras
1161 2327 1352 2406 propulisset,
1383 2345 1470 2404 quam
1493 2345 1572 2386 nune
1594 2346 1682 2387 eom

368 2432 466 2490 rident
489 2427 604 2489 dnobus
626 2444 731 2504 parum
753 2427 885 2486 honestis
908 2427 1041 2486 demissis
1063 2428 1100 2487 ab
1123 2428 1199 2489 nrbe
1221 2429 1281 2489 bue
1303 2428 1476 2488 oratorculis
1497 2448 1563 2488 eum
1580 2447 1661 2488 man-

367 2533 441 2592 datis
462 2533 571 2590 mirum
592 2529 622 2586 in
645 2527 764 2588 modum
786 2527 952 2604 inipeiiosis
975 2529 1082 2588 vietum
1111 2536 1141 2589 et
1168 2531 1333 2590 devinctum
1358 2514 1660 2599 'ormiaeoneedere

368 2633 439 2693 nibil
464 2631 622 2698 ebnuere,
656 2635 688 2689 nt
722 2631 786 2689 iore
815 2630 925 2706 optimo
952 2636 1141 2690 contemnant
1168 2644 1223 2694 nn
1249 2634 1357 2701 ⁴exteri,
1388 2639 1489 2710 utpote
1517 2650 1591 2709 quos
1622 2633 1661 2690 ιι·-

335 2735 437 2794 rodent
469 2741 582 2792 tantum
616 2748 674 2789 non
708 2747 772 2790 esse
803 2732 853 2809 qui
885 2729 947 2789 aliis
979 2732 1159 2810 imperemus
1198 2734 1333 2809 diurnos,
1374 2741 1406 2794 ut
1444 2735 1573 2794 ieramus
1608 2735 1661 2812 ipsi

323 2849 376 2893 mn
402 2833 410 2919 Ι
438 2836 577 2895 servitute
599 2832 693 2908 premi
716 2830 803 2909 longe
832 2831 1099 2909 despicabilissima.
1143 2834 1182 2894 'ln
1212 2855 1265 2895 avo
1293 2843 1348 2902 tu}
1373 2855 1461 2912 grave
1491 2843 1553 2896 erat
1581 2836 1729 2915 quodem

369 2938 490 2997 nimium
523 2933 627 2994 scribis
660 2933 809 2993 tribuebat
842 2951 951 3012 eosque
986 2920 1112 2994 babebat
1145 2936 1173 2994 in
1208 2936 1273 2996 aula
1306 2940 1427 2999 nimium
1462 2956 1549 3015 qnam
1587 2936 1663 2997 mul·

370 3046 429 3098 tos:
460 3037 497 3096 de
523 3043 553 3095 te
583 3041 615 3094 ut
642 3034 801 3111 loquentur
830 3035 978 3103 hominm,
1009 3039 1059 3114 qni
1087 3043 1130 3095 tot
1158 3037 1250 3097 babes
1272 3040 1406 3099 dondnos
1429 3045 1500 3118 quot
1522 3046 1692 3118 vagantur
1710 3109 1723 3118 ‚.

371 3141 447 3199 eirea
471 3137 584 3215 galeriti
608 3134 786 3202 cardinales,
810 3138 919 3197 mitrati
944 3137 1090 3215 episcopi,
1115 3157 1183 3198 eum
1205 3138 1253 3199 ille
1276 3140 1481 3199 authoritatem
1504 3140 1579 3199 inter
1595 3159 1664 3218 spos

332 3252 363 3294 ιιι
393 3237 400 3322 Ι
434 3246 695 3318 quantumcunque
712 3243 846 3313 potentes
866 3244 965 3296 tamen
988 3238 1151 3299 obtineret?
1174 3240 1231 3300 Sed
1255 3243 1402 3300 eoniusmi
1425 3239 1504 3299 bono
1526 3241 1581 3297 erit
1596 3241 1733 3308 booten.

342 3362 364 3400 n
373 3359 466 3419 nuper
488 3341 558 3399 inita
590 3356 656 3397 enm
685 3338 822 3415 pontitiee
851 3340 990 3398 amicitia:
1021 3338 1176 3417 aliqnando
1206 3343 1284 3400 enim
1311 3340 1397 3400 iidem
1428 3346 1585 3400 terrueruut
1608 3320 1664 3398 llo-
1721 3407 1723 3411 .
1774 3329 1790 3346 ⁹

372 3444 447 3501 mani
470 3442 516 3500 isti
539 3439 712 3518 quibuscum
736 3444 821 3514 pacta
849 3440 998 3500 fecerant?
1026 3439 1062 3498 Et
1089 3440 1239 3501 tenuerint
1264 3459 1408 3518 norpranr:
1438 3442 1474 3501 de
1497 3441 1665 3501 Florentino

372 3552 468 3604 tamen
490 3543 608 3617 Ingenio
631 3558 690 3599 non
714 3538 802 3600 debet
823 3542 924 3600 venire
945 3542 975 3599 in
997 3549 1127 3601 mentem
1143 3541 1208 3610 tibi,
1232 3550 1265 3602 ot
1280 3541 1380 3602 dolum
1395 3516 1567 3619 siffitieeriS,
1591 3561 1665 3620 pree·
1723 3540 1739 3554 “’

372 3648 470 3706 sertim
492 3642 596 3704 frande
618 3640 663 3700 bis
685 3647 789 3719 terque
811 3641 994 3720 deprebensa
1015 3643 1092 3702 iam?
1115 3643 1214 3715 Qualis
1236 3663 1305 3705 vero
1328 3644 1452 3704 amicitia
1475 3650 1519 3704 est
1541 3663 1608 3703 curn
1631 3664 1666 3703 eo

373 3748 419 3826 qni
442 3745 538 3821 legem
562 3745 611 3803 dat
633 3760 689 3820 qua
714 3749 761 3801 tua
784 3744 928 3820 possidet,
956 3744 1069 3823 sibique
1099 3746 1194 3822 ipsum
1224 3754 1252 3806 te
1280 3746 1410 3814 solebit,
1440 3752 1552 3805 tantum
1582 3745 1665 3804 abest

347 3855 405 3910 tout
426 3844 577 3925 equalitas
599 3844 779 3904 intercedat?
802 3863 869 3904 nam
892 3847 921 3904 iu
938 3863 1094 3907 commune
1109 3855 1142 3907 ut
1157 3855 1309 3926 acceptum
1325 3849 1362 3907 sit
1376 3848 1433 3907 boe
1448 3855 1530 3908 tnom
1547 3849 1665 3916 laetum,
1676 3855 1734 3906 §.tt

373 3968 429 4009 uon
453 3945 598 4025 estquod
622 3944 720 4005 multis
743 3953 889 4024 repetam:
919 3946 1079 4008 multorum
1108 3950 1164 4007 iarn
1194 3957 1222 4009 ot
1250 3951 1328 4010 varia
1357 3950 1568 4027 significatione
1591 3951 1666 4011 edita

361 4061 428 4110 'uon
452 4049 580 4109 obscure
603 4047 769 4107 intellexisti
791 4065 850 4106 non
873 4046 968 4107 solum
991 4067 1049 4107 non
1074 4067 1138 4110 esse
1161 4058 1243 4127 grata
1266 4052 1351 4111 rrolris
1373 4053 1576 4113 huiuscemodi
1599 4069 1667 4113 erim

375 4150 426 4210 illis
448 4150 575 4217 foedera,
599 4149 772 4235 sedodiosa
796 4150 882 4211 etiam
905 4157 934 4209 et
956 4151 1063 4218 invisa,
1087 4168 1183 4229 neqne
1205 4172 1335 4231 unquam
1358 4154 1478 4215 serenda
1494 4155 1588 4215 donee
1604 4157 1667 4231 (11ιί-

376 4253 439 4312 dem
462 4250 564 4311 volunt
591 4269 623 4309 ea
653 4250 701 4309 bie
728 4249 817 4310 licere
846 4250 900 4309 sibi
930 4270 994 4329 qnae
1022 4250 1162 4312 aliboris
1185 4255 1307 4314 eorreedi
1330 4247 1388 4314 non
1412 4240 1543 4334 possunt.
1590 4256 1735 4324 nuder·

348 4354 438 4414 utalia
462 4371 529 4412 eum
553 4351 588 4410 iis
609 4359 694 4429 pacta
717 4344 928 4411 lllaximilianus
950 4352 1026 4422 iniit,
1061 4354 1128 4413 eum
1151 4357 1309 4431 saepissime
1330 4356 1498 4432 languentia
1520 4357 1567 4417 illa
1591 4358 1679 4416 reio»

378 4488 577 4500 ——-—

439 4555 565 4606 ¹affecti
585 4558 611 4604 3.
683 4551 757 4617 ²iis]
777 4553 820 4603 bis
889 4546 981 4619 atque]
1008 4571 1041 4605 ae
1061 4560 1152 4606 1.6.7.
1223 4555 1402 4607 ³extremam
1422 4561 1446 4605 4.
1523 4557 1622 4607 ⁴male
1642 4561 1667 4606 4.

375 4641 503 4692 ⁷virtnte
522 4644 583 4690 m.
642 4640 684 4689 sie
702 4635 765 4702 non]
786 4642 815 4686 et
832 4653 887 4688 non
906 4642 932 4688 3.
996 4638 1199 4690 “foeminarum
1217 4639 1276 4700 (sed
1293 4647 1318 4690 in
1335 4659 1390 4690 err:
1402 4643 1484 4706 corr.)
1504 4645 1529 4690 2.
1589 4643 1667 4691 lerni-

376 4741 467 4775 narnm
487 4729 513 4775 3.
585 4724 604 4757 ¹¹
624 4737 743 4773 summus
761 4727 830 4772 omis:
852 4726 877 4773 3.
948 4722 969 4754 ¹⁵
988 4725 1167 4774 condiciones
1188 4727 1212 4772 3.
1268 4724 1288 4756 ¹⁶
1307 4726 1383 4775 videt
1403 4729 1525 4776 1.2.6.7.
1574 4724 1665 4791 duob]

375 4807 739 4860 AleandroetCarneeiolo.
776 4806 895 4858 dimissis
910 4813 966 4858 037.
1004 4804 1024 4837 ¹⁹
1043 4808 1231 4857 intautnm3.
1272 4808 1516 4874 ut&0.]eorr.H.;
1536 4815 1566 4858 ut
1584 4811 1668 4859 simos

377 4895 425 4961 ipsi
443 4911 515 4944 serv.
535 4895 623 4960 pressi
641 4895 701 4942 edd.
714 4901 740 4943 et
759 4895 784 4940 3.
842 4892 864 4926 ²⁸
883 4895 924 4943 illi
945 4894 1045 4957 3(?)·⁶·
1121 4895 1250 4944 erectorit.
1265 4895 1290 4942 3.
1348 4892 1449 4944 ²⁵eum
1467 4894 1596 4944 Pontifici
1616 4896 1668 4945 no-

377 4994 453 5028 mano
472 4982 499 5031 3.
543 4977 565 5009 ²⁸
583 4977 765 5044 depraehensa
786 4979 809 5025 1.
850 4977 1082 5029 81ΜιιΙῐιιιιιιιιῖ.
1120 4975 1145 5036 ,θ’
1164 4979 1319 5032 huiusmodi
1339 4981 1364 5031 3.
1405 4977 1427 5010 ³³
1446 4978 1512 5045 ium]
1532 4980 1625 5030 intest,
1641 4984 1666 5031 3.

378 5063 483 5126 quidam
504 5066 529 5113 3.
582 5062 604 5095 ³⁴
624 5080 658 5114 ea
675 5063 772 5113 volunt
790 5066 816 5113 3.
870 5062 892 5094 ³⁵
909 5062 955 5129 iis]
974 5063 1031 5113 illis
1051 5065 1076 5112 3.
