4367 6084
360 764 536 816 sosanna
549 764 598 814 an
612 763 737 814 vonn.
758 727 1560 814 cccxxxv.suasuin100.'aacm.s1›.n.n.1vs.naa
1581 748 1654 819 485

362 956 413 995 nos
438 956 578 1012 cupimus:
610 946 673 993 sunt
700 938 742 992 bic
771 937 914 1011 plusquam
943 947 1052 993 centurn
1082 938 1154 992 milia
1183 936 1322 994 bonriuum
1354 939 1400 1011 qui
1424 940 1539 994 oderunt
1564 940 1653 995 sedem

363 1025 517 1084 Romanam.
541 1032 568 1078 et
583 1022 729 1077 botherum
753 1040 848 1094 magua
872 1028 1003 1095 exparte
1026 1022 1152 1095 probant.
1190 1023 1253 1078 Vide
1276 1034 1366 1079 autern
1390 1042 1469 1097 equam
1492 1025 1583 1098 inique
1600 1043 1654 1080 me·

363 1126 423 1164 eum
446 1117 543 1180 agetur
566 1108 602 1168 si,
627 1125 708 1180 quani
732 1126 783 1179 ego
806 1106 969 1180 perdiderim
985 1107 1129 1162 amicitiam
1147 1115 1187 1162 tot
1203 1109 1371 1163 eruditorum
1388 1109 1546 1169 Germaniae,
1571 1127 1653 1182 quum

363 1193 533 1249 botberanos
556 1209 650 1246 omues
673 1192 699 1246 in
723 1210 765 1246 nie
787 1191 972 1264 provocarim,
1002 1193 1048 1264 qui
1072 1208 1143 1247 nunc
1165 1192 1340 1247 amarulentis
1363 1192 1463 1249 libellis
1494 1194 1520 1247 in
1544 1211 1585 1248 me
1608 1194 1654 1249 dc·

341 1277 542 1338 sbaccbantur,
577 1276 621 1332 isti
645 1276 757 1331 victoria
780 1294 841 1337 sua,
875 1293 954 1349 qrram
978 1277 1043 1331 inibi
1066 1293 1119 1331 noo
1144 1277 1252 1332 minima
1275 1295 1306 1332 er
1336 1287 1412 1350 parte
1442 1278 1554 1339 debent.
1588 1278 1653 1333 abn-

364 1370 457 1418 tantan
479 1363 505 1416 iu
528 1369 609 1435 caput
632 1378 735 1421 meum,
758 1369 786 1415 et
809 1360 868 1415 ideo
891 1361 1018 1415 traducar
1039 1369 1069 1415 ut
1092 1361 1252 1422 haereticus,
1277 1362 1339 1434 quia
1363 1362 1426 1416 milri
1450 1362 1558 1436 placent
1573 1361 1651 1419 bonae

363 1432 467 1507 literae:
493 1453 521 1501 et
551 1463 605 1501 non
632 1443 739 1517 placent
767 1462 856 1499 mores
879 1444 1053 1505 Ecmoudani,
1088 1447 1134 1518 qni
1164 1445 1231 1500 nulli
1261 1446 1327 1528 lere¹
1346 1446 1418 1502 bono
1446 1448 1503 1502 viro
1537 1446 1653 1520 placent.

364 1531 478 1604 Scripsit
500 1531 531 1586 ad
555 1548 597 1585 me
619 1531 740 1585 Caesarea
763 1529 901 1590 Maiestas,
925 1530 1035 1603 scripsit
1058 1530 1171 1585 loannes
1187 1530 1316 1603 Glapion.
1340 1532 1450 1605 scripsit
1472 1532 1653 1605 arehiepisco-

364 1634 415 1690 pus
437 1615 658 1674 panormitanus,
681 1613 830 1687 Episcopus
853 1612 1024 1674 l'alentinus,
1048 1613 1229 1670 Cancellarius
1244 1615 1426 1677 blercurinus,
1450 1616 1543 1672 literas
1561 1617 1673 1672 lauma-¹

332 1700 458 1756 unitatis
483 1699 589 1773 plenas,
620 1699 761 1754 hortantes
790 1715 832 1753 me
861 1706 891 1752 ut
913 1716 1024 1771 pergam
1048 1699 1114 1753 meis
1138 1698 1275 1754 laboribus
1298 1717 1458 1773 promovere
1481 1719 1537 1756 rein
1561 1700 1653 1756 litera-

364 1785 446 1846 rium:
470 1784 579 1857 scripsit
602 1784 635 1838 ad
658 1801 700 1839 me
724 1792 826 1856 praeter
847 1781 916 1837 alios
939 1784 1035 1838 doctos
1058 1783 1201 1839 blattbaeus
1223 1783 1366 1840 cardinalis
1383 1785 1561 1847 Scduuensis,
1586 1786 1652 1841 scri·

364 1869 418 1942 psit
440 1867 583 1924 cardinalis
606 1868 795 1940 lloguntinus,
818 1885 933 1940 cumque
958 1867 998 1939 bis
1021 1868 1065 1922 alii
1090 1867 1218 1941 permulti
1241 1878 1354 1941 agentes
1372 1871 1474 1943 gratias
1490 1887 1652 1945 omnemque

364 1954 482 2008 larvorem
505 1971 535 2008 ac
565 1951 755 2007 liberalitatem
784 1951 959 2025 pollicentes.
991 1953 1062 2026 quod
1091 1955 1117 2006 in
1144 1955 1258 2026 negocio
1290 1953 1415 2010 Ecclesiae
1444 1971 1504 2010 eum
1534 1956 1652 2010 arrianum

363 2047 491 2112 praestem
515 2055 594 2110 quern
618 2036 658 2091 illi
680 2035 819 2097 volebant:
843 2035 1007 2091 sedunensis
1031 2037 1112 2092 ollert
1133 2037 1213 2092 ctiam
1238 2038 1402 2111 quingentos
1424 2040 1537 2095 ducatos
1564 2057 1652 2095 arrnue

330 2131 391 2179 raet
414 2122 537 2178 viaticum
561 2121 751 2182 honorarium,
776 2121 799 2174 si
822 2120 901 2176 velim
923 2121 997 2176 adire
1020 2121 1139 2177 Romam.
1176 2120 1244 2188 Quid
1265 2131 1353 2178 auteur
1379 2124 1550 2180 inhumanius
1572 2142 1651 2198 quarn

364 2224 445 2280 quum
468 2224 520 2278 ego
544 2224 586 2262 me
609 2205 719 2261 lecerim
742 2205 1025 2261 bostembutberanae
1049 2206 1148 2278 partis.
1182 2225 1242 2262 cum
1270 2207 1336 2262 mibi
1365 2226 1416 2282 pas
1440 2210 1475 2263 sit
1496 2227 1557 2265 cum
1580 2227 1653 2264 sum·

365 2292 414 2347 mis
437 2291 512 2346 orbis
534 2290 716 2364 principibus,
739 2290 856 2362 discerpi
879 2289 912 2344 ab
935 2308 989 2346 nno
1004 2290 1169 2345 Carmelital
1188 2292 1239 2347 Tot
1261 2293 1339 2347 annis
1362 2293 1413 2347 rixi
1434 2294 1558 2349 Lovanii:
1582 2312 1653 2367 quur

364 2384 420 2431 tum
443 2393 497 2431 non
521 2374 707 2449 impingebant
728 2374 794 2429 milri
816 2391 925 2429 errores
948 2376 1040 2430 meos?
1069 2376 1124 2430 iuro
1147 2376 1255 2432 dtensis
1283 2378 1371 2432 onmia
1401 2396 1459 2434 mea
1489 2379 1547 2433 siue
1576 2396 1652 2434 erce-

363 2461 457 2534 ptione
480 2459 619 2534 probarit:
641 2459 737 2514 deiude
760 2476 843 2531 quum
866 2466 965 2532 rogatu
988 2477 1048 2515 rneo
1071 2469 1193 2515 notasset
1215 2461 1269 2516 duo
1292 2471 1337 2517 aut
1362 2462 1411 2517 tria
1428 2463 1500 2524 loca,
1524 2464 1651 2537 respondi

329 2554 392 2602 roct
415 2545 534 2600 satisfeci
556 2562 606 2618 per
627 2544 725 2599 omnia.
770 2560 841 2599 nunc
869 2544 980 2598 absente
1008 2544 1114 2599 Caesare
1146 2555 1242 2618 parant
1269 2545 1345 2601 abuti
1372 2548 1530 2603 autoritate
1548 2566 1595 2603 sua
1625 2548 1652 2602 in

363 2647 406 2685 me
429 2639 457 2685 et
479 2629 572 2685 ulcisci
594 2625 674 2683 retus'
694 2629 785 2683 odium
813 2645 899 2699 suum.
945 2628 1014 2683 Exiit
1043 2647 1130 2702 nuper
1158 2629 1265 2685 libellus
1288 2630 1510 2704 Colloquiorum:
1545 2633 1571 2687 in
1601 2632 1653 2688 boc

363 2713 461 2770 elamat
483 2713 668 2770 Ecinoirdanus
696 2730 756 2768 esse
786 2713 907 2786 quaedam
939 2713 1076 2769 haeretica.
1120 2714 1238 2769 Primum
1269 2715 1295 2769 in
1324 2715 1469 2789 colloquiis
1496 2734 1550 2771 non
1574 2716 1652 2772 trado

364 2799 490 2871 dogmata
513 2798 588 2859 fidei,
612 2797 659 2852 sed
681 2797 814 2852 rationem
838 2795 980 2870 loquendi:
1009 2815 1057 2853 nec
1080 2806 1123 2853 est
1146 2799 1181 2854 ibi
1205 2799 1348 2872 quicquam
1378 2800 1521 2861 tale-sed
1552 2800 1652 2856 illesa

364 2901 414 2938 suo
438 2883 501 2938 odio
523 2883 734 2956 iuterpretatur:
768 2899 823 2936 nou
844 2882 942 2937 damno
966 2881 1021 2938 illic
1043 2882 1240 2956 indulgentias,
1277 2902 1325 2941 nec
1349 2903 1462 2959 usquam
1489 2885 1571 2946 alias,
1605 2887 1652 2941 sed

282 3029 286 3034 A
329 2968 473 3042 asquidarn
496 2967 592 3022 irridet
613 2966 733 3022 sodalem
756 2983 848 3028 suum,
881 2968 926 3040 qui
950 2985 1032 3040 quum
1055 2977 1128 3022 esset
1156 2969 1353 3041 nugacissimus
1381 2980 1514 3044 nugator,
1543 2977 1654 3045 putaret

364 3070 424 3108 sese
447 3051 528 3108 bullae
552 3050 679 3124 prasidio
701 3068 784 3124 posse
807 3051 947 3124 pervenire
969 3051 1002 3106 ad
1024 3050 1130 3106 caelum.
1175 3054 1375 3110 consessionem
1403 3055 1484 3110 etiam
1512 3054 1652 3129 approbo;

366 3145 469 3192 tantum
493 3153 561 3209 puer
582 3136 648 3190 dicit
670 3153 721 3190 suo
744 3135 833 3190 auimo
856 3135 922 3189 satis
945 3135 1004 3190 lore
1026 3135 1150 3190 confiteri
1173 3137 1243 3207 ileo,-
1262 3138 1284 3191 si
1308 3139 1376 3193 idem
1400 3140 1484 3194 visum
1501 3148 1574 3195 esset
1589 3156 1653 3212 pro-

363 3220 471 3278 ceribus
494 3220 630 3281 eeclesiae.
653 3227 680 3274 et
705 3227 792 3274 tamen
816 3219 918 3274 latetur
940 3236 1000 3274 sese
1021 3220 1145 3275 confiteri
1169 3221 1250 3275 etiarn
1273 3222 1474 3278 sacerdotibus:
1499 3224 1574 3296 quasi
1598 3239 1652 3277 uon

365 3307 400 3360 sit
423 3306 489 3360 satis
512 3322 597 3378 puero
621 3304 810 3377 obtemperare
833 3303 993 3376 primatibus
1015 3303 1137 3359 ecelesiae
1160 3304 1186 3358 in
1209 3305 1377 3367 confitendo,
1408 3315 1455 3361 aut
1478 3307 1554 3380 quasi
1578 3306 1653 3361 Chri·

330 3399 425 3448 sosius
448 3407 501 3445 non
525 3389 560 3444 sit
584 3406 653 3444 urias
676 3406 708 3444 ex
730 3387 889 3462 proceribus
910 3387 1046 3449 eeclesiae,
1075 3397 1122 3444 aut
1149 3389 1226 3462 quasi
1249 3390 1314 3445 mibi
1336 3398 1443 3446 constet
1473 3409 1532 3447 csse
1554 3391 1654 3446 articu-

363 3474 418 3529 lum
441 3474 501 3529 bdei
524 3474 592 3529 banc
614 3474 815 3528 contessionem
838 3490 898 3528 esse
928 3473 1080 3528 institutam
1109 3491 1124 3528 a
1151 3474 1267 3528 Christo.
1312 3475 1344 3531 Et
1374 3484 1462 3531 tamen
1491 3476 1539 3531 bac
1567 3476 1593 3531 in
1622 3492 1652 3531 re

363 3576 472 3615 sensum
495 3558 576 3612 animi
598 3558 650 3613 mei
674 3575 782 3631 semper
804 3557 915 3612 submisi
940 3558 1038 3613 iudicio
1059 3557 1189 3613 ecclesiae.
1227 3557 1338 3626 Quidam
1361 3559 1416 3614 illic
1436 3560 1501 3615 dicit
1518 3578 1546 3615 se
1562 3560 1653 3616 odisse

363 3643 452 3717 pisces
473 3651 501 3697 et
523 3643 640 3710 ,miratur
661 3643 733 3715 quod
756 3640 889 3715 praesules
912 3642 1047 3698 voluerint
1070 3642 1192 3716 obligare
1221 3661 1271 3698 nos
1298 3644 1330 3699 ad
1360 3661 1435 3700 esum
1465 3645 1578 3719 piscium
1603 3643 1653 3699 sub

364 3745 441 3801 poena
458 3728 604 3799 gebennas:
628 3734 655 3781 et
678 3736 767 3781 tamen
790 3727 835 3799 qui
859 3727 909 3782 boe
931 3727 997 3782 dicit
1019 3727 1121 3782 latetur
1142 3745 1202 3783 sese
1218 3727 1377 3803 Epicureum
1401 3746 1485 3801 esse:¹
1499 3746 1652 3801 quanquam

326 3830 413 3872 ssnee
436 3812 487 3867 boc
510 3811 574 3866 mibi
598 3810 697 3884 liquet,
731 3827 764 3865 an
794 3810 915 3883 pontifex
944 3811 995 3867 boc
1024 3812 1113 3869 animo
1142 3813 1249 3873 luerit..
1272 3822 1301 3868 ut
1330 3822 1443 3887 excepto
1472 3813 1598 3869 scandalo
1625 3821 1654 3869 ct

362 3905 520 3969 contemptu
544 3895 660 3950 voluerit
682 3913 733 3949 nus
755 3896 907 3968 astringere
930 3897 962 3951 ad
985 3914 1061 3952 esurn
1084 3898 1198 3970 piscium
1222 3897 1272 3953 sub
1301 3916 1379 3972 poena
1409 3906 1518 3954 aeternae
1545 3899 1653 3953 ‹lamna-

364 3981 455 4036 tionis.
500 3980 595 4036 ll'eseio
618 3997 650 4034 au
674 3988 755 4052 agant
777 3981 917 4044 adversum
942 3998 983 4036 me
1006 3998 1038 4036 ex
1060 3982 1158 4037 aedieto
1181 3982 1310 4039 Caesaris:
1338 3992 1411 4039 certe
1439 3983 1563 4040 aedictum
1587 3981 1653 4039 illud

364 4065 530 4138 postremum
555 4065 606 4120 buc
628 4081 682 4120 nou
705 4065 843 4138 pervenit.
867 4082 916 4120 uec
939 4084 1057 4139 uuquam
1081 4066 1188 4139 publice
1211 4076 1258 4122 aut
1281 4068 1404 4142 privatim
1427 4068 1478 4124 luit
1494 4068 1652 4124 exhibitum.
1678 4102 1680 4107 .

363 4148 450 4216 Quare
474 4158 500 4206 tc
523 4166 632 4222 quaeso,
661 4150 702 4203 vir
729 4149 854 4221 egregie.
885 4158 915 4204 ut
944 4158 989 4205 tua
1017 4152 1133 4224 aequitas
1162 4152 1276 4207 istorum
1306 4152 1396 4209 otlium
1424 4162 1452 4209 et
1479 4153 1653 4210 acerbitatem

329 4241 505 4307 retemperet.
550 4232 626 4300 Quod
649 4233 747 4288 adme
770 4233 903 4306 pertinet,
928 4235 984 4290 scio
1007 4235 1072 4307 quid
1095 4244 1191 4307 agant,
1215 4245 1347 4309 cuperent
1370 4255 1412 4293 me
1435 4239 1600 4312 protrudere
1613 4238 1654 4293 rel

363 4317 500 4374 nolentem
524 4318 550 4373 in
575 4317 718 4372 lectionem
735 4317 932 4372 butheranarn:
956 4318 981 4372 id
1005 4319 1076 4390 quod
1100 4337 1238 4392 nunquam
1263 4320 1394 4377 ellicient:
1419 4323 1464 4376 sed
1482 4321 1547 4377 illud
1563 4323 1655 4378 viden·
1695 4316 1702 4330 ⁸

362 4403 441 4464 dum,
465 4419 497 4458 an
521 4402 644 4476 expediat
666 4419 708 4457 me
730 4419 763 4456 co
787 4400 949 4474 propellere.
995 4402 1047 4457 crit
1070 4402 1122 4458 boc
1144 4403 1305 4459 Lntlieranis
1336 4406 1535 4478 gratissimum,
1565 4407 1654 4479 siquid

363 4487 389 4541 in
414 4505 455 4542 me
478 4487 592 4542 fecerint
614 4486 753 4541 atrociter.
792 4485 886 4558 Siquid
909 4485 1009 4540 habent
1031 4486 1172 4542 adversum
1189 4504 1243 4550 ure.
1268 4489 1383 4561 primum
1400 4489 1575 4545 admoueant:
1599 4490 1656 4544 lor·

363 4571 443 4626 tassis
466 4572 502 4626 ita
526 4570 712 4643 respondebo,
736 4578 766 4625 ut
789 4568 843 4624 illis
866 4569 970 4626 abunde
992 4571 1163 4627 satisfaciam.
1201 4571 1259 4627 Non
1275 4581 1318 4628 est
1333 4573 1376 4628 hic
1391 4573 1537 4629 ludendum
1553 4581 1655 4630 temere

328 4656 391 4716 taiu
415 4655 500 4710 libros
523 4655 644 4710 alienos:
668 4663 732 4710 sunt
754 4653 858 4710 infinita
882 4655 1021 4711 bominum
1043 4654 1117 4712 milia
1138 4657 1184 4729 qui
1200 4673 1255 4712 non
1272 4656 1389 4713 oderunt
1403 4658 1557 4719 Erasmum.
1581 4660 1653 4731 quod

429 4922 439 4954 ³
458 4923 654 4972 Germanorum
674 4924 746 4971 2..,4.
793 4920 822 4952 ⁸⁹
841 4920 973 4987 archiep]
994 4924 1036 4973 Cf.
1057 4923 1183 4987 epistulae
1203 4924 1362 4973 adLaurin.
1382 4925 1421 4984 §5-
1435 4924 1477 4973 22.
1497 4940 1555 4989 sqq.
1574 4940 1657 4988 supra

362 5023 387 5071 p.
405 5005 459 5056 16².
474 5023 514 5071 sq.
562 5004 582 5037 ³¹
608 5006 630 5054 Ο
655 5007 751 5055 miram
770 5005 862 5054 fidem!
883 5006 971 5055 credit
989 5009 1060 5072 quod
1079 5014 1164 5073 negat
1183 5015 1211 5059 et
1229 5015 1314 5075 negat
1333 5010 1404 5074 quod
1423 5008 1519 5059 credit.
1563 5007 1656 5058 ”hoc

361 5090 414 5140 tibi
437 5106 490 5140 non
510 5090 614 5155 liquet?
667 5089 689 5121 ³⁸
708 5090 882 5154 adstringere
902 5092 925 5139 4.
996 5089 1018 5122 ⁴⁵
1037 5092 1125 5142 millia
1145 5094 1170 5142 3.
