4367 6084
550 737 621 806 454
649 749 872 799 coexcitare.
882 764 964 797 arsur
977 764 1059 804 ovea.
1077 748 1472 799 cccxctttaaasamnnon.
1481 766 1610 799 nassae.
1620 767 1646 799 n.
1657 760 1837 801 innuentem.

550 926 635 980 l'orro
652 924 742 995 adegit
762 923 793 977 ad
813 923 860 977 has
879 922 994 994 ineptias
1011 923 1122 976 inritum
1138 923 1285 977 amicorum
1300 921 1457 978 consilium:
1482 930 1538 978 turn
1554 923 1649 979 elicuit
1666 943 1773 986 rumor,
1794 919 1839 998 q'uo

551 1009 729 1065 nunciabatur
759 1025 800 1062 me
832 1008 924 1062 nescio
948 1025 1000 1078 qua
1022 1024 1102 1062 causa
1126 1024 1190 1079 erga
1212 1005 1350 1061 Erasmum
1372 1006 1556 1062 succubuisse.
1602 1009 1691 1064 Unum
1715 1020 1839 1082 superest.

551 1103 580 1149 ut
598 1111 659 1148 cum
686 1092 790 1147 utiliter
812 1093 970 1151 admoneat,
1002 1109 1035 1145 ne
1058 1091 1120 1163 quis
1142 1091 1287 1145 mentiatur
1310 1099 1356 1145 aut
1385 1091 1533 1153 obtrectet,
1564 1094 1723 1149 meminerit
1741 1112 1775 1149 an
1797 1113 1840 1167 ego

514 1199 517 1202 ’
552 1196 608 1234 tion
632 1178 729 1232 rnerito
750 1194 862 1249 querar,
886 1185 913 1230 et
936 1175 1105 1230 Christianus
1127 1193 1187 1247 quae
1210 1175 1310 1230 Christi
1330 1184 1393 1230 sunt
1416 1176 1569 1231 meditetur.

835 1344 1011 1389 naasson,
1033 1343 1065 1381 m
1087 1341 1238 1382 orrrcma
1262 1343 1395 1384 roauurs
1418 1343 1553 1384 sncnnu.

1055 1414 1143 1466 duno
1165 1410 1199 1464 Μ.
1212 1411 1239 1464 ll.
1252 1411 1338 1465 XXXl.

993 1502 996 1507 ’
1037 1511 1143 1552 nansi:
1167 1511 1359 1551 rannvnmo.

1001 1705 1387 1720 *τ

569 1963 714 1998 ramvaor.
1018 1927 1376 2002 CCCLXXXXHI.
1621 1958 1654 1995 n.
1669 1965 1754 1999 naar.
1771 1957 1823 1996 rsn.

991 2102 1143 2158 Enasttvs
1164 2101 1404 2158 anathematis

1032 2199 1179 2248 EOBANO
1199 2198 1314 2248 HESSO
1337 2199 1364 2247 S.
1849 2214 1867 2252 p

637 2325 677 2379 db
705 2325 748 2380 his
778 2321 939 2396 quibuscum
968 2321 1051 2376 semel
1080 2321 1145 2375 mihi
1175 2321 1300 2376 amicitiae
1323 2319 1410 2375 foedus
1433 2318 1553 2392 legitime
1577 2322 1734 2378 Gratiarum
1757 2323 1841 2397 auspi-

551 2410 601 2465 ciis
625 2409 707 2464 ictum
729 2417 787 2469 est,
811 2416 840 2462 ut
865 2422 973 2478 semper
995 2414 1058 2459 sunt
1080 2406 1243 2477 gratissimae
1266 2422 1326 2477 quae
1349 2403 1501 2458 redduntur
1516 2405 1654 2497 epistola,
1679 2408 1716 2462 mi
1732 2407 1841 2468 Eobaue,

552 2495 589 2550 ita
612 2511 666 2548 non
689 2493 765 2548 soleo
789 2490 888 2547 offendi
912 2488 1114 2543 intermissione
1137 2488 1292 2549 literarum,
1322 2487 1476 2560 praesertim
1506 2489 1565 2543 eius
1588 2491 1700 2562 generis
1724 2510 1784 2564 quae
1805 2492 1841 2546 ni·

552 2578 590 2633 hil
615 2578 715 2633 hahent
738 2585 840 2667 praeter
862 2573 1034 2633 salutationis
1057 2572 1177 2628 officium
1199 2581 1245 2628 aut
1267 2571 1458 2627 familiaritatis
1480 2572 1664 2644 colloquinm;
1694 2582 1723 2629 et
1746 2576 1841 2648 episto

551 2661 638 2716 larum
655 2659 790 2715 fasciculis
813 2659 852 2714 sic
874 2655 991 2717 oliruor,
1016 2647 1055 2712 us
1069 2657 1205 2712 interdum
1227 2657 1268 2712 iix
1291 2656 1379 2712 ocium
1402 2655 1438 2710 sit
1460 2655 1651 2752 perlegendis.
1689 2658 1734 2714 hic
1756 2660 1867 2749 itaqueo

551 2747 614 2800 dum
630 2744 736 2817 culpam
751 2743 905 2816 deprecaris
920 2749 967 2795 aut
982 2741 1062 2795 etiam
1078 2741 1182 2796 veniam
1205 2740 1338 2815 precaris,
1362 2739 1431 2794 scito
1455 2747 1481 2794 te
1504 2733 1599 2812 μάτην
1621 2729 1654 2797 τὸ
1676 2728 1793 2812 ὕδωρ
1778 2761 1841 2797 ανα-

552 2825 671 2883 λίσκειν.
716 2827 792 2894 Quod
823 2823 979 2898 expostulas
1007 2824 1137 2879 invidiosa
1165 2823 1424 2880 commemoratione
1451 2832 1479 2879 et
1501 2841 1548 2881 vos
1572 2825 1706 2883 bonamm
1729 2827 1841 2900 discipli·

552 2930 646 2968 narum
670 2913 841 2984 professores
870 2918 898 2964 et
927 2909 1004 2963 istam
1033 2908 1226 2982 rerupuhlicam
1254 2925 1314 2963 esse
1343 2906 1507 2970 traductam,
1535 2909 1653 2982 primum
1681 2911 1840 2985 reipublice,

552 3014 612 3053 mor
635 2995 775 3051 merobis
797 2994 935 3067 purgabo,
960 2992 1006 3046 sed
1029 2993 1122 3066 paucis
1146 3032 1670 3053 .......................
1700 2996 1753 3051 lam
1776 2997 1840 3068 linge

552 3098 594 3136 me
618 3080 737 3135 texuisse
759 3079 925 3152 scriptorum
946 3076 1115 3150 catalogum,
1146 3077 1289 3133 humanius
1312 3083 1370 3130 erat
1392 3074 1521 3132 oblivioni
1546 3078 1688 3150 ignoscere
1713 3098 1791 3153 quarn
1811 3080 1866 3134 dero

554 3260 789 3312 CCCLXXXXII.
812 3258 872 3313 1...4
884 3276 918 3302 =
930 3260 1038 3308 Erasmi
1051 3260 1120 3324 Epp.
1136 3259 1206 3320 (Ind.
1220 3258 1287 3308 bibl.
1301 3258 1339 3307 n⁰.
1353 3230 1475 3320 53,a...5‘.)¹
1511 3257 1535 3321 l)
1549 3257 1689 3323 Supplem.
1704 3260 1839 3324 potata

589 3346 619 3410 2)
632 3363 657 3410 p.
675 3343 845 3395 lona...1ooo.
882 3343 908 3405 3)
922 3343 984 3393 coll.
1002 3342 1171 3392 1407...1410.
1185 3344 1283 3392 XXVI.
1297 3340 1321 3391 5.
1357 3343 1384 3401 4)
1399 3342 1461 3392 coll.
1478 3341 1550 3393 1363.
1564 3359 1622 3408 sqq.
1636 3344 1675 3393 nl.
1691 3360 1804 3396 ncnxrv.

620 3532 641 3566 ¹⁶
661 3538 687 3583 te
712 3533 815 3581 frustra
839 3546 938 3595 aquam
957 3530 1115 3595 impendere
1134 3528 1182 3590 (acl
1201 3531 1337 3594 purgando
1355 3546 1412 3595 quae
1428 3537 1486 3579 sunt
1502 3547 1569 3594 pura
1587 3533 1626 3579 nel
1648 3533 1758 3581 tonando
1781 3532 1840 3581 albe-

548 3621 609 3682 fieri
625 3617 772 3684 nequeam.)
827 3613 846 3648 ¹⁸
865 3613 959 3680 remp]
979 3614 1246 3678 Norimbergonsem.
1302 3611 1325 3646 ²⁰
1343 3610 1439 3678 catal]
1459 3616 1488 3663 in
1507 3614 1707 3675 Ciceronianot
1728 3617 1775 3666 ubi
1792 3617 1839 3665 Eo-

551 3705 618 3752 hani
636 3703 803 3751 mentionem
821 3716 875 3749 non
895 3701 1002 3750 fecerat
1019 3700 1159 3748 Erasmus.
1196 3698 1326 3747 Codanum
1343 3703 1448 3748 leserat
1465 3715 1493 3748 se
1511 3703 1536 3747 in
1555 3699 1660 3749 Enormi
1680 3701 1839 3749 Ciceroniana

549 3790 709 3851 preteritum
732 3802 800 3842 esse,
820 3801 890 3849 qoem
908 3786 1032 3848 dialogum
1050 3786 1076 3832 al.
1089 3786 1131 3832 14.
1146 3782 1222 3832 Febr.
1235 3785 1314 3832 1528.
1343 3784 1463 3832 Vtatteno
1481 3784 1608 3833 dedicauit
1631 3791 1732 3834 auctor.
1763 3787 1840 3834 Locus

551 3874 586 3920 aa
607 3886 678 3935 quem
700 3871 809 3933 epistula
829 3870 946 3932 respicit,
970 3884 1020 3917 non
1036 3874 1115 3919 somna
1137 3868 1168 3918 ob
1187 3884 1326 3932 perperam
1343 3870 1375 3917 de
1394 3869 1507 3918 Hutteno
1525 3871 1577 3917 lato
1595 3869 1689 3918 iudicio
1708 3869 1780 3919 nobas
1796 3883 1839 3916 ne-

550 3954 694 4009 morabilis,
721 3955 762 4001 bic
784 3959 822 4000 est
848 3951 926 4015 (Opp.
947 3952 1052 4001 Erasnri
1062 3954 1146 4003 Basil.
1163 3955 1241 4002 1510.
1255 3960 1312 4002 torn.
1328 3953 1352 4001 Ι.
1363 3970 1391 4017 p.
1408 3955 1497 4015 852.).·

617 4051 809 4085 nvnsrnonvs.
829 4035 911 4084 Hand
929 4037 1127 4085 transeundem
1148 4053 1248 4087 censeo
1265 4037 1482 4102 Westphaliam,
1508 4051 1568 4100 quae
1587 4036 1669 4085 nobis
1688 4037 1767 4087 dedit
1783 4035 1839 4086 Ale-

550 4120 682 4168 xandrum
700 4119 835 4183 Hegium.
883 4133 1054 4169 aosorours.
1072 4121 1167 4170 Virnm
1187 4121 1335 4181 eruditum,
1356 4128 1481 4171 sanctum
1501 4120 1697 4170 sesecundum
1711 4123 1838 4181 nominas,

549 4204 597 4252 sed
621 4203 667 4267 qui
690 4202 786 4268 glorian
811 4207 969 4266 contemptu
991 4203 1067 4254 nihil
1084 4207 1174 4270 magis
1198 4206 1308 4255 molitus
1331 4207 1377 4254 sit.
1434 4221 1496 4255 arn.
1516 4204 1603 4254 Dedit
1615 4207 1644 4253 et
1656 4206 1838 4255 Hermammrn

548 4288 687 4336 Buscinm.
736 4302 797 4337 nos.
816 4287 848 4336 In
862 4287 983 4336 carmine
996 4290 1142 4354 pangendo
1161 4290 1286 4352 felicem,
1306 4291 1335 4338 in
1354 4290 1478 4339 oratione
1491 4288 1583 4338 solnta
1595 4304 1699 4353 magna
1711 4292 1755 4340 vis
1769 4291 1840 4340 adest

548 4372 671 4437 ingenii,
692 4371 777 4421 lectio
796 4371 887 4433 varia,
908 4371 1040 4421 iudicium
1059 4389 1136 4435 acre,
1157 4389 1302 4424 nervorum
1321 4374 1405 4434 antis,
1425 4373 1473 4422 aed
1493 4374 1656 4438 compositio
1670 4374 1839 4436 Quintiliano

548 4457 660 4520 propior
672 4471 754 4520 quam
768 4455 905 4506 Ciceroni.
954 4472 1017 4506 arn.
1038 4457 1193 4507 Conradum
1207 4458 1369 4508 Goelenium
1388 4459 1486 4522 opinor
1497 4473 1551 4506 non
1561 4458 1644 4506 nosti.
1695 4474 1758 4510 nos.
1776 4460 1839 4507 Nam

548 4539 625 4589 illum
644 4541 716 4590 dicis
735 4543 781 4605 qui
801 4541 873 4605 apud
885 4540 1042 4590 Brabantoa
1060 4543 1117 4590 iam
1135 4543 1241 4605 pridem
1260 4548 1340 4592 ornat
1358 4558 1412 4591 non
1430 4541 1509 4592 modo
1528 4540 1678 4607 collegium
1690 4543 1838 4592 Busleidia·

549 4641 627 4687 num,
653 4626 724 4688 qnod
748 4626 859 4689 quidam
882 4624 1014 4689 trilingue
1037 4630 1153 4688 vocant,
1178 4625 1227 4675 sed
1249 4631 1337 4675 totam
1361 4628 1445 4676 etiam
1468 4625 1545 4674 illam
1564 4626 1753 4688 academiam,
1778 4627 1839 4675 lieet

548 4709 652 4773 alioqui
666 4710 898 4758 florentissimam.
946 4724 1010 4757 arr..
1029 4709 1226 4773 Istumipsum.
1275 4711 1543 4774 noa.Mil1iquidam
1560 4705 1610 4759 sal
1623 4706 1748 4761 οἴκοθεν
1765 4716 1840 4761 notus

548 4800 598 4841 est.
660 4810 721 4842 nvn.
747 4792 875 4855 Nunquid
893 4792 922 4839 in
935 4791 989 4840 >illo
1006 4792 1166 4850 desideras,
1187 4809 1239 4858 qno
1258 4795 1347 4843 minus
1369 4794 1507 4845 habeatnr
1529 4796 1602 4843 inter
1626 4794 1838 4845 Ciceronianus?

548 4891 608 4925 nos.
629 4877 735 4941 Opinor
753 4876 821 4925 illud
840 4875 980 4940 ingenium
999 4890 1079 4939 posse
1099 4877 1229 4941 quiequid
1248 4878 1320 4927 serio
1338 4877 1473 4940 voluerit,
1499 4892 1592 4927 verum
1615 4879 1723 4929 mavult
1748 4880 1838 4929 oberu-

546 4958 589 5006 lns
609 4975 669 5007 esse
689 4975 769 5023 quam
787 4958 983 5023 polygraphus.
1031 4974 1205 5011 aarouonvs.
1224 4962 1315 5012 Unum
1333 4964 1362 5011 in
1375 4962 1423 5012 illo
1436 4963 1501 5011 novi
1520 4977 1572 5026 qno
1586 4960 1717 5012 Ciceroni
1729 4963 1839 5013 multum

547 5045 589 5088 est
607 5042 757 5089 dissimilis.
814 5057 876 5089 nvn.
897 5042 1051 5102 Quidnam?
1114 5059 1178 5093 aar.
1203 5045 1366 5096 Ciceronem
1387 5047 1541 5111 accipimus
1559 5047 1703 5112 praelongo
1722 5053 1751 5097 et
1775 5046 1837 5098 exili

880 5248 891 5279 Ι
