4367 6084
348 728 600 782 CCCXLLvruunr
611 743 647 778 so
661 743 737 778 sris..
746 743 789 777 ur.
803 727 1083 779 CCCXILoonorrur
1095 742 1132 776 sn
1143 741 1285 775 scuwrrou.
1294 724 1468 778 cousins.
1480 731 1537 772 tous.
1570 708 1643 780 249

348 905 400 960 stri
431 943 865 957 ...................
895 901 957 957 Scio
980 901 1149 975 colloquium
1177 901 1202 956 ei
1232 916 1287 954 non
1317 901 1392 961 iore:
1420 907 1510 955 tamen
1538 899 1562 954 si
1584 917 1646 975 spe·

348 989 464 1044 ciendos
487 1007 535 1044 vos
558 987 703 1062 prrobeutis
726 995 754 1042 et
776 980 921 1047 nonianus,
949 987 1001 1042 orit
1023 1004 1056 1040 eu
1078 984 1169 1040 oiiicio
1192 992 1292 1040 vestro.
1337 983 1471 1040 Francisci
1499 983 1644 1057 Siclringen

350 1073 409 1129 heri
438 1072 527 1128 audivi
556 1080 584 1127 et
605 1071 660 1145 legi
681 1088 770 1127 voram
794 1079 823 1126 et
844 1070 1025 1126 miserabilem
1048 1069 1198 1126 historiam.
1242 1069 1312 1123 [icus
1334 1068 1422 1123 iustus
1446 1069 1492 1124 sed
1514 1068 1645 1124 mirabilis

349 1158 438 1213 iudex.
483 1156 555 1213 Vale.
1014 1226 1021 1234 Ι
1140 1200 1154 1219 ,
1351 1153 1426 1208 Mart.
1450 1152 1559 1209 Lnther.

901 1303 1103 1312 -Μ-

979 1422 1008 1479 3.

771 1559 962 1629 [rumonus
987 1559 1227 1630 COCHLAEVSJ

437 1681 482 1736 De
505 1698 559 1752 quo
582 1682 742 1751 scripserat
770 1681 877 1734 occulte
905 1681 944 1735 ori
975 1679 1101 1734 Utricum
1125 1679 1283 1734 Hutienum
1314 1695 1396 1734 sunm
1421 1679 1580 1742 lutherus,
1614 1693 1645 1733 se

346 1769 415 1839 pius
438 1767 618 1836 confidentior
640 1779 711 1835 erpo
733 1765 812 1818 ittum
832 1778 936 1835 perere
959 1763 1151 1834 iuniorumque
1174 1765 1203 1818 in
1225 1779 1258 1818 eo
1273 1779 1353 1834 spem
1368 1764 1474 1819 iubere
1490 1781 1576 1836 quom
1592 1764 1644 1818 iro-

349 1855 414 1908 beot
437 1854 467 1905 iu
490 1852 547 1906 ulio
568 1850 619 1905 sub
643 1850 712 1905 colo
731 1851 904 1919 principem.
949 1848 1056 1904 Dolens
1077 1865 1146 1920 erpo
1168 1848 1313 1903 lutherus
1335 1850 1489 1905 Francisci
1509 1851 1644 1905 oliorum-

315 1952 406 2009 mque
429 1937 579 1999 nobilium,
604 1935 654 2006 qui
674 1935 799 1988 mucime
821 1933 989 2005 Eoonpetici
1009 1935 1193 1999 dicebamur,
1216 1949 1330 2000 casum,
1353 1941 1456 1990 noctus
1476 1949 1515 1988 ex
1530 1937 1645 1990 decreto

349 2021 586 2092 Nurcnberpensi
606 2019 762 2075 cavillandi
772 2011 971 2085 occasionem,
992 2016 1194 2089 furiosissimis
1215 2020 1344 2073 convitiis
1365 2021 1395 2074 in
1415 2019 1564 2090 principes
1585 2020 1644 2075 oin·

347 2108 433 2161 dicito
456 2106 570 2213 libidinp
593 2104 785 2160 debacchatus
807 2109 858 2158 est.
933 2147 937 2154 .

346 2287 468 2356 cccxl.
483 2286 508 2337 3.
546 2288 583 2336 [ο.
604 2284 748 2335 Cochlaens
773 2286 801 2335 in
819 2285 894 2334 Hist.
914 2285 948 2335 do
968 2286 1041 2334 actis
1065 2290 1093 2333 ct
1111 2300 1164 2333 scr.
1184 2285 1266 2333 Mart.
1284 2285 1402 2335 Luthori
1426 2286 1461 2335 od
1485 2301 1547 2335 aun.
1571 2286 1643 2335 1524.

807 2371 895 2429 Puris.
913 2368 985 2418 1565.
1004 2368 1040 2418 8⁰.
1062 2369 1109 2419 fol.
1123 2367 1179 2417 86¹³.
1433 2361 1436 2366 ’

290 2810 337 2854 ra
365 2824 546 2860 issimus.
902 2790 1092 2867 OCOXH.

803 2965 964 3035 nluousvs
986 2966 1187 3023 GERBELLWS

884 3067 1007 3109 orrruo
1031 3067 1109 3108 vrso

646 3202 650 3205 .
814 3147 941 3198 IOANNI
960 3148 1180 3198 SOHWEBLIN

514 3234 916 3276 concionuroor-urrourr
939 3236 1058 3276 rusum
1082 3236 1116 3275 ru
1141 3232 1281 3275 cunrsro
1306 3234 1480 3275 cnorssruo

290 3360 337 3403 20
433 3358 460 3411 S.
485 3357 511 3411 in
532 3355 640 3410 Christo
662 3353 730 3410 lesu.
774 3354 833 3410 Nou
861 3354 999 3428 potuisses
1029 3354 1156 3410 nuncium
1184 3363 1260 3409 tuum
1290 3352 1343 3408 olio
1367 3360 1489 3426 tompore
1512 3353 1645 3428 intompe-

347 3442 444 3498 stivius
467 3441 574 3496 misisse
604 3439 636 3494 ud
664 3456 728 3500 uos,
758 3440 830 3512 (prod
852 3439 987 3512 Hogonoae
1016 3439 1052 3494 sit
1074 3436 1304 3510 Wolffgangulus·
1323 3445 1429 3498 noster,
1458 3445 1485 3492 ct
1515 3439 1643 3494 maiorem

348 3545 379 3582 ac
401 3525 537 3600 potiorem
559 3532 664 3597 pnrtcm
688 3522 820 3579 librorum
843 3540 954 3579 suorum
978 3540 1068 3578 secum
1092 3523 1227 3596 acceperit
1252 3563 1519 3577 ............
1544 3522 1644 3578 Edetur

347 3612 430 3667 etiam
452 3607 635 3683 expostulatio
650 3607 776 3670 fluitem,
800 3607 901 3682 scriptu
923 3608 1003 3663 etium
1027 3606 1157 3662 nonnullo
1180 3605 1282 3661 Erosmi
1304 3616 1332 3661 et
1352 3606 1462 3661 Luthcri
1485 3607 1518 3663 eri
1540 3606 1644 3663 ludaeos

348 3693 458 3751 libellus
485 3692 667 3749 doctissimus.
713 3691 861 3765 prodibunt
890 3700 917 3747 et
945 3691 996 3747 olio
1027 3710 1087 3765 quae
1115 3700 1177 3746 autc
1205 3708 1305 3764 paucos
1332 3691 1390 3746 dies
1413 3691 1583 3764 Wiitelrergo
1611 3692 1644 3747 od

294 3784 402 3835 ‘tonos
430 3786 561 3834 venerunt
577 3817 795 3831 ..........
823 3777 957 3833 Novarum
985 3794 1075 3833 rerum
1099 3776 1165 3831 olias
1187 3775 1254 3831 nihil
1278 3776 1373 3832 haheo.
1418 3776 1535 3832 Bucorus
1559 3775 1644 3832 voluit

348 3881 425 3920 sacro
448 3862 598 3936 prolegom
625 3860 728 3917 civibus
757 3862 874 3923 nostris,
903 3862 950 3917 sed
972 3861 1024 3917 hoo
1047 3861 1072 3917 ei
1093 3861 1257 3934 denegatum
1280 3879 1294 3916 a
1317 3868 1427 3916 senatu:
1451 3878 1511 3916 nam
1534 3869 1644 3917 senatus

348 3947 461 4004 timebat
483 3947 515 4003 ud
539 3944 684 4002 tumultum
707 3963 763 4001 rem
787 3954 924 4020 spectare,
948 3946 1021 4019 quod
1044 3946 1240 4020 propemodum
1257 3944 1335 4001 multi
1357 3946 1388 4000 od
1411 3963 1468 4001 eom
1492 3963 1549 4002 rem
1571 3964 1644 4002 com·

348 4040 533 4090 movcrontur.
578 4031 633 4086 Uno
662 4048 706 4085 ros
734 4031 873 4086 hominum
902 4029 1048 4104 plurimum
1080 4031 1167 4086 obest.
1213 4031 1266 4086 scis
1294 4030 1375 4086 otium
1405 4039 1535 4104 quantum
1557 4031 1644 4087 adimo

349 4124 478 4191 stupeant
501 4113 577 4171 multi
606 4115 638 4170 od
660 4114 729 4170 hauc
750 4115 910 4170 novitatem:
933 4114 970 4170 iio
993 4114 1063 4170 eninr
1087 4114 1233 4171 adversarii
1256 4114 1480 4188 interpretantur.
1524 4115 1564 4171 Tu
1587 4133 1643 4171 reru

308 4199 483 4273 stevangetii
512 4207 616 4255 maturo
644 4209 672 4254 ct
699 4199 836 4272 patienter
857 4206 971 4260 tractes,
1001 4217 1034 4254 no
1062 4200 1154 4254 statim
1183 4198 1215 4254 ub
1242 4199 1321 4255 initio
1344 4200 1432 4254 vinum
1455 4199 1521 4254 volis
1544 4217 1644 4273 propo·

347 4303 429 4348 nere,
451 4302 513 4341 cum
535 4284 576 4340 loo
598 4284 717 4340 nondum
740 4282 874 4339 biberint:
898 4283 924 4339 iri
948 4283 1020 4356 quod
1041 4282 1166 4356 pluribus
1189 4282 1318 4338 hactenus
1340 4284 1466 4338 nocuisse
1487 4283 1565 4337 vidco
1590 4325 1643 4338 ...

348 4410 569 4425 ..........
594 4367 656 4423 Vale
680 4366 843 4424 felicissimo.
877 4366 1044 4439 Argentinae.
1069 4366 1097 4419 V.
1121 4373 1185 4439 post
1207 4366 1337 4439 Corporis
1359 4366 1468 4420 Christi.
1484 4366 1508 4420 Μ
1523 4366 1542 4419 Ι)
1557 4366 1642 4423 ΧΧΙΙΙ.

346 4551 481 4602 CCCXJI.
518 4550 651 4600 Centurio
670 4566 731 4614 epp.
750 4518 787 4598 od
805 4548 864 4597 loo.
883 4544 1036 4595 Schwabei.
1056 4560 1139 4609 supro
1162 4544 1199 4593 n⁰.
1219 4561 1317 4594 ccuxx.
1338 4544 1471 4593 iudicata.
1490 4561 1516 4610 p.
1536 4543 1641 4593 ro...48.

930 4628 968 4677 n⁰.
983 4644 1053 4678 xvir.

414 4768 506 4835 7ῳιο]
526 4770 679 4819 Francisco
697 4769 730 4818 rie
750 4766 912 4831 Sickiugen.

413 4854 433 4887 '¹
454 4852 577 4921 wolffg.]
597 4854 693 4919 Angst.

811 5010 1179 5031 w·⁴
