4367 6084
520 424 719 476 cccxxxtn.
740 440 860 475 spossus
875 441 979 475 crustu
992 442 1135 477 nnvsnsvs
1149 442 1322 477 aeconomus
1336 442 1468 477 nvrrssr.
1568 413 1642 483 275

348 604 508 670 antequam
531 614 577 656 me
599 598 717 656 uidisset
735 603 789 655 out
810 602 923 655 nosset:
960 597 1014 655 boc
1036 612 1158 655 carmen
1189 613 1252 656 meo
1279 600 1400 656 consilio
1425 601 1537 671 pressit
1557 600 1643 657 bien-

347 700 446 764 nium‚·
480 704 509 757 et
536 701 652 758 interim
680 714 726 757 me
754 699 792 757 de
820 697 996 756 Hocbstrato
1023 715 1113 771 quam
1142 700 1323 757 atrocissime
1355 702 1517 772 loquentem
1548 700 1643 772 scirit:

347 800 515 858 arbitratur
543 801 598 859 boc
625 802 699 858 artis
724 817 796 857 esse.
840 798 902 864 Sed
919 802 1108 872 prostiterit,
1138 808 1297 873 antequam
1319 800 1363 856 ad
1383 808 1492 859 catera
1514 805 1711 860 criminatu.

344 901 539 973 proprediar,
558 903 665 975 paucis
684 901 845 958 admonere
864 903 1002 959 lectorem
1025 901 1130 973 quibus
1150 904 1181 959 in
1198 901 1285 958 rebus
1304 907 1362 958 toto
1377 903 1464 960 lectius
1481 903 1574 961 libelli
1586 908 1643 962 sita

328 1004 388 1059 ssit
407 1005 584 1075 eloquentia.
621 1002 686 1061 Sita
704 1009 747 1060 est
768 1005 799 1059 in
821 1002 1082 1076 assumptionibus,
1106 1001 1321 1074 caticuminus,
1342 1006 1642 1077 sernttuinationibus,

347 1110 376 1160 et
398 1105 698 1176 esaqqeratiouibus:
730 1119 800 1161 nam
820 1105 954 1161 conuicia
973 1106 1085 1177 possim
1109 1107 1242 1178 asperqit
1267 1104 1446 1162 condimenti
1465 1108 1537 1163 trice.
1583 1108 1711 1164 As-§.m

348 1207 541 1277 stimptionem
563 1207 696 1279 appello,
722 1220 789 1263 curn
810 1205 854 1261 ait
872 1208 1005 1278 exempli
1029 1222 1123 1263 caiisa
1146 1206 1301 1262 ‘Erasmus
1322 1208 1460 1279 impinqit
1481 1207 1645 1266 lleucltlino

348 1308 461 1362 crimen
481 1303 646 1380 perfidite'.
693 1308 723 1363 in
745 1307 791 1364 bis
812 1309 919 1363 mirum
944 1323 1033 1379 quarn
1061 1308 1137 1365 nibil
1162 1307 1271 1365 lrabeat
1294 1306 1414 1378 [noritis.
1459 1309 1557 1368 Ntltito
1576 1314 1645 1383 plia

349 1406 437 1463 babet
456 1409 487 1464 in
508 1406 693 1480 aspiqenats
714 1410 822 1465 causis.
866 1407 951 1465 Dicet
971 1409 1092 1480 aliquis,
1121 1407 1205 1482 ‘Orac
1232 1426 1280 1465 res
1306 1412 1458 1467 commorit
1477 1411 1644 1477 Erasmnm,

311 1511 393 1564 so‘ut
410 1509 463 1580 qni
482 1515 636 1582 tantopere
655 1509 837 1582 praedicarit
855 1508 1067 1580 Beucblinum,
1087 1509 1180 1567 subito
1194 1516 1322 1568 mutatus
1342 1516 1401 1568 tam
1414 1510 1531 1582 soetltrm
1546 1519 1644 1571 notam
1684 1497 1688 1501 ¹

349 1606 440 1665 ‘illius
461 1611 574 1667 nomini
593 1611 739 1668 studuerit
760 1605 902 1667 inurere?
909 1606 916 1631 ’
949 1608 1007 1667 Hic
1028 1610 1151 1682 affinqit
1172 1612 1415 1670 irrbumouitatem
1444 1621 1472 1670 ct
1500 1616 1712 1674 inoidiarnsu.

346 1707 445 1779 fnisse
462 1711 492 1767 in
513 1726 621 1781 causo,
643 1712 723 1783 quod
738 1713 806 1785 pati
826 1712 1005 1784 nequiverim
1027 1713 1169 1785 quasdam
1193 1713 1293 1791 dicere
1306 1713 1502 1773 lleuclrlinnm
1517 1718 1643 1773 alterum

349 1826 413 1867 esse
436 1810 605 1869 Germanice
625 1815 751 1890 acidum.
799 1812 889 1885 Atqui
915 1814 995 1885 quod
1021 1816 1161 1884 assumis,
1190 1821 1243 1872 arat
1266 1831 1324 1888 per
1351 1833 1382 1873 se
1408 1824 1544 1875 constare
1563 1819 1647 1876 debet

350 1917 404 1968 aut
421 1919 489 1969 erat
510 1913 624 1971 idoneis
644 1916 827 1986 arqumentis
847 1914 1052 1987 probandum,
1076 1915 1104 1972 si
1121 1918 1193 1973 uelis
1208 1916 1312 1973 bonum
1326 1925 1475 1990 preestare
1489 1918 1645 1977 rbetorem.

312 2030 340 2069 is
351 2012 461 2070 deinde
480 2031 574 2072 causa
596 2015 679 2074 debet
693 2033 756 2074 esse
770 2018 851 2085 talis,
877 2021 909 2073 ul
923 2016 1121 2090 probabiliter
1139 2026 1284 2091 competat
1297 2022 1326 2076 in
1345 2026 1485 2077 nnttrrarn
1500 2037 1537 2078 ac
1551 2038 1646 2080 mares
1689 2064 1691 2073 .

350 2113 493 2172 bominis:
526 2115 703 2189 frequenter
725 2123 822 2175 autem
847 2133 893 2174 me
918 2119 1079 2190 loquentem
1104 2117 1185 2189 facit
1210 2135 1269 2178 nort
1295 2123 1398 2193 qualia
1421 2123 1564 2194 dixerim,
1593 2125 1647 2182 sed

350 2218 455 2286 qualia
477 2218 507 2272 in
530 2233 564 2275 eo
585 2220 705 2291 nepocio
726 2218 961 2292 diripuerant·
992 2219 1081 2292 idque
1099 2219 1179 2289 facit
1201 2238 1259 2279 nou
1281 2240 1321 2280 es
1342 2239 1424 2295 uero,
1455 2225 1510 2282 sed
1532 2243 1572 2282 ec
1593 2244 1645 2284 suo
1739 2275 1747 2288 .

350 2317 511 2377 commodo.
556 2318 597 2376 ld
613 2319 746 2391 sortasse
767 2322 835 2379 licet
854 2327 1033 2378 vetustarum
1061 2337 1162 2403 rerum
1190 2325 1397 2398 scriptoribus,
1427 2327 1517 2383 rebat
1535 2329 1563 2384 si
1580 2329 1715 2399 quistis,
1752 2380 1756 2391 Χ

350 2419 465 2476 scribat
493 2420 580 2478 uitam
609 2421 779 2479 Mecandri
804 2421 928 2494 Maeni·
964 2429 1111 2480 coeterum*
1132 2425 1161 2480 in
1190 2441 1284 2482 causa
1311 2430 1434 2498 recenti,
1468 2431 1553 2487 citius
1585 2437 1644 2487 tam

315 2521 438 2578 romum
459 2527 543 2579 testes
563 2539 627 2581 esse
646 2524 772 2599 possint,
794 2540 852 2582 nou
876 2532 920 2581 est
940 2524 1017 2581 idem
1039 2525 1096 2582 ius.
1141 2543 1312 2599 quanquam
1332 2529 1402 2586 ditm
1426 2530 1501 2587 mila
1516 2532 1650 2590 attribuit

350 2623 528 2694 orationem,
546 2640 659 2697 parum
681 2626 811 2683 uteminit
831 2625 946 2694 decori,
968 2640 1053 2698 quem
1076 2626 1264 2699 splendidius
1286 2645 1323 2695 nc
1344 2632 1580 2702 ntaqnistcentlus
1598 2636 1645 2690 lo-

350 2731 486 2795 quentem
510 2723 590 2795 facit
610 2741 699 2798 quam
726 2729 845 2785 soleam.
891 2727 1017 2799 denique
1045 2728 1120 2786 nibil
1148 2735 1192 2785 cst
1218 2738 1277 2786 tam
1303 2731 1460 2802 frivolum,
1492 2736 1572 2806 quod
1598 2737 1631 2793 ill

351 2827 476 2896 tropicis
497 2827 592 2884 uerbis
611 2843 668 2885 non
689 2822 865 2900 euaqperet,
890 2832 978 2900 quum
1001 2835 1135 2900 oporteat
1153 2833 1315 2889 orationem
1339 2839 1371 2889 ut
1392 2841 1495 2891 restem
1517 2839 1645 2909 corpori,

350 2927 395 2982 sic
419 2927 508 2984 rebus
534 2945 597 2986 esse
620 2945 794 3001 cottqruam.
839 2930 914 2987 Haec
935 2929 1097 2987 adutonitio
1123 2932 1257 2990 nortnibil
1282 2936 1357 2990 lucis
1380 2934 1473 2991 addet
1490 2938 1596 2995 lectori
1615 2941 1714 3000 insse.

315 3034 413 3085 istola
433 3032 579 3087 oratione.
624 3031 667 3087 rte
686 3033 816 3103 primurn
839 3033 869 3088 in
893 3029 1072 3101 assinqenda
1093 3034 1210 3089 ratione
1227 3033 1294 3090 aide
1308 3035 1381 3104 qnid
1393 3037 1490 3093 statim
1505 3048 1645 3109 assumat,

351 3133 408 3187 ‘me
426 3130 557 3188 laudare
575 3147 654 3190 nilne
672 3130 904 3190 Hocbslratum'.
944 3131 1087 3190 Ostendat
1105 3150 1205 3206 quaeso
1226 3137 1320 3192 locum
1344 3134 1393 3192 nbi
1413 3137 1488 3195 milti
1506 3140 1647 3197 laudatus

349 3218 389 3288 sit
404 3230 615 3291 Hocbstratus:
645 3240 724 3292 certe
746 3236 800 3292 illa
815 3237 953 3308 epistola,
973 3250 1062 3306 quam
1078 3236 1274 3294 adulatricem
1291 3243 1387 3306 noceri,
1408 3243 1437 3294 et
1448 3240 1540 3311 plena
1553 3242 1646 3298 liber-

330 3334 422 3412 ¹tatis
440 3339 497 3404 est,
521 3350 575 3392 nec
597 3337 708 3393 aescleis
730 3342 834 3394 uacat:
866 3351 936 3393 nam
956 3337 1036 3408 quod
1056 3339 1138 3395 illum
1165 3339 1277 3396 alicubi
1297 3355 1354 3397 non
1374 3338 1560 3410 familiarem
1576 3345 1646 3415 qui-

352 3435 435 3505 dem,
464 3436 518 3493 sed
543 3443 666 3494 ueterem
691 3439 818 3496 amictam
848 3440 980 3511 appello,
1010 3439 1075 3511 quis
1103 3455 1160 3497 uon
1188 3442 1326 3512 intelliqil
1351 3441 1467 3499 subesse
1494 3440 1646 3501 ironiam?

311 3556 339 3595 so
352 3536 440 3594 Nunc
469 3540 740 3597 sermocinationem
773 3539 948 3596 audiamus:
986 3538 1043 3597 ‘Tu
1071 3539 1199 3599 solebas'
1230 3544 1325 3615 inquit
1356 3546 1418 3617 ‘qui
1447 3544 1502 3602 boc
1535 3546 1713 3610 laudassm.

351 3641 572 3709 ‘scelusuunm
594 3642 768 3698 esclarnare
788 3641 869 3699 brine
894 3658 957 3700 esse
977 3641 1015 3698 ab
1037 3643 1124 3701 iratis
1148 3645 1265 3718 superis
1293 3646 1453 3703 immissam
1482 3650 1570 3705 terris
1589 3665 1647 3722 pe-

351 3745 447 3812 stem,
470 3758 537 3814 qiua
558 3744 661 3801 literas
683 3758 721 3800 ac
743 3744 863 3815 inqenia
884 3744 1037 3813 conficiat·
1065 3744 1145 3803 banc
1165 3763 1228 3804 esse
1250 3749 1450 3806 calomitosam
1473 3751 1647 3823 optimorum

352 3842 527 3902 ‘studiorum
550 3846 711 3902 uastitatem
726 3860 764 3903 oc
780 3846 964 3917 pernicium·
985 3844 1040 3902 troc
1061 3847 1170 3905 immite
1191 3851 1284 3906 omnis
1304 3850 1496 3908 humanitatis
1516 3854 1647 3921 esitium,

316 3968 322 3975 ·
352 3944 442 4002 ‘lianc
463 3947 545 4003 illam
566 3962 629 4004 esse
648 3944 749 4017 facem
772 3962 831 4018 qua
851 3946 929 4002 illud
948 3949 1112 4005 exarsisset
1133 3949 1188 4007 boc
1208 3931 1543 4023 temporc'incendiam,
1569 3954 1648 4010 irride

306 4062 339 4100 ss
352 4050 528 4120 ‘perieulum
549 4051 587 4105 sit
607 4064 644 4105 ne
666 4050 854 4120 continerent
876 4061 975 4105 ornnes
995 4054 1075 4106 recle
1096 4051 1221 4108 studiosi
1227 4048 1244 4107 '.
1290 4051 1360 4118 (luis
1386 4070 1443 4109 uon
1472 4056 1568 4110 statim
1595 4057 1716 4119 irs-§.is

352 4151 468 4219 telliqal
488 4148 566 4208 barte
585 4149 723 4223 phrasim
736 4149 860 4207 Hutteni
877 4165 953 4218 esse,
976 4165 1033 4207 non
1052 4147 1194 4208 Erosmi?
1216 4153 1264 4209 Ait
1278 4168 1323 4209 mc
1341 4155 1484 4209 neminem
1500 4170 1556 4210 raon
1572 4156 1646 4212 bor-

352 4256 461 4321 tatum,
484 4258 516 4308 ut
536 4254 696 4324 strinqeret
716 4253 865 4309 calamum
886 4253 915 4307 in
939 4250 1165 4309 llocltstratum:
1185 4252 1330 4325 proferat
1351 4269 1456 4323 arnon,
1480 4262 1509 4312 et
1530 4259 1647 4314 vicerit:

351 4369 423 4410 uam
448 4352 525 4410 illud
542 4369 671 4429 prorsus
693 4355 768 4410 artis
789 4353 944 4411 rbetoricee
966 4354 1085 4411 seltema
1102 4360 1208 4426 putat,
1237 4355 1317 4426 quod
1337 4354 1528 4412 bicmnnltatis
1544 4360 1647 4427 qratia
1681 4396 1692 4407 ,

351 4455 427 4511 nolit
441 4453 585 4527 prolerre
605 4457 745 4529 epistolas
766 4455 943 4526 bomicidas,
964 4456 1099 4514 videlicet
1117 4460 1149 4512 ut
1166 4457 1235 4528 plus
1255 4457 1405 4528 relinquat
1422 4457 1452 4513 in
1471 4460 1646 4531 suspicione.

421 4656 431 4689 ⁴
451 4658 533 4707 liuius
551 4656 611 4722 lits]
633 4660 650 4706 i.
671 4673 694 4705 c.
715 4656 968 4723 Expostnlntionis,
992 4658 1070 4706 coins
1096 4658 1122 4705 in
1142 4672 1199 4721 sqq.
1220 4658 1302 4706 misor
1320 4658 1450 4707 Erasmus
1473 4673 1527 4707 non
1545 4660 1646 4708 scrito-

350 4752 421 4804 tem,
442 4743 519 4792 ittam
539 4748 635 4791 contro
655 4759 684 4791 se
704 4757 757 4790 non
778 4743 928 4802 ferendam,
949 4743 996 4790 aod
1016 4747 1102 4790 altem
1123 4742 1288 4804 retlnrguorc
1307 4743 1409 4792 sttnlct.

1367 4827 1428 4887 18*
