4367 6084
577 741 709 797 eccvtt.
724 758 827 793 nnasur
841 759 904 794 aer.
919 759 955 793 an
969 759 1082 794 uancru
1096 758 1241 794 certamen
1255 761 1297 793 ar.
1312 761 1338 793 ο.
1354 753 1373 792 t.
1388 761 1467 793 rnen.
1485 753 1543 794 tata.
1636 728 1704 797 175

407 934 469 971 sese
492 917 575 972 huius
599 935 702 989 regno:
727 919 784 973 hare
806 917 912 990 aliaque
935 918 1068 991 permulta
1093 927 1155 972 sunt
1180 918 1206 972 in
1223 902 1332 973 illorum
1347 917 1443 972 literis.
1488 918 1524 973 lle
1539 933 1625 989 regno
1641 934 1705 971 nus·

405 1018 489 1074 quam
520 1003 645 1056 memini:
676 1002 773 1058 alicubi
803 1003 899 1074 scripsi
931 1003 999 1075 ‘pios
1029 1019 1123 1057 ornnes
1152 1001 1251 1073 abique
1280 1002 1368 1056 favere
1398 1002 1523 1073 dignitati
1554 1001 1704 1075 pontificis:

406 1087 471 1159 quis
494 1095 585 1141 antem
615 1104 669 1163 non
699 1088 787 1142 laceat
817 1087 875 1142 eius
897 1087 1022 1158 dignitati
1047 1087 1092 1159 qm
1117 1086 1261 1141 uirtutibus
1284 1086 1446 1157 ‹evatrgclicis
1468 1086 1603 1141 Christum
1627 1085 1705 1140 nohis

407 1172 621 1243 repraesentet'l'
645 1181 672 1226 et
694 1172 746 1227 hoc
768 1171 850 1232 addo,
875 1171 982 1243 quoties
999 1170 1101 1243 aliquid
1119 1170 1209 1225 tribuo
1224 1171 1349 1242 dignitati
1367 1171 1511 1243 pontificis.
1546 1188 1625 1225 tremo
1639 1188 1705 1224 reru

366 1264 389 1301 ⁵
408 1255 498 1310 nescit
522 1255 621 1328 quihus
644 1257 670 1310 in
695 1256 775 1311 rebus
798 1257 850 1310 sita
873 1256 909 1310 sit
933 1273 992 1310 rora
1014 1255 1133 1327 dignitas
1156 1255 1266 1309 Romani
1290 1254 1439 1328 pontilicis:
1463 1273 1511 1310 nec
1534 1255 1585 1310 hoc
1608 1271 1662 1308 nno
1678 1255 1705 1308 in

408 1339 471 1394 loco
499 1339 666 1394 declaratum
694 1350 737 1395 est
764 1341 791 1394 in
820 1339 1053 1395 lucubrationibus
1082 1340 1157 1412 tricis<
1203 1339 1259 1410 Ego
1281 1358 1345 1394 rcere
1368 1340 1467 1394 doctusv
1486 1357 1517 1393 ex
1541 1338 1703 1411 evangelicis
1714 1353 1773 1401 §.se

409 1431 438 1478 et
468 1423 630 1497 apostolicis
658 1424 745 1478 literis
774 1425 854 1479 etiam
883 1425 999 1479 ethnicis
1022 1423 1190 1497 principibus
1213 1423 1314 1496 aliquid
1339 1424 1509 1479 tribuendum
1533 1441 1593 1479 esse
1615 1423 1703 1482 didici,

409 1508 463 1561 nisi
486 1508 574 1581 palam
599 1509 679 1582 impia
703 1508 820 1564 iubeant.
865 1510 896 1563 ad
925 1509 993 1563 hanc
1024 1508 1146 1580 regulam
1174 1508 1275 1562 ruillius
1303 1509 1423 1581 episcopi
1454 1509 1613 1580 dignitatem
1641 1524 1705 1562 con-

412 1593 584 1647 temnendam
608 1611 668 1649 esse
690 1611 798 1648 censeo.
843 1611 876 1648 an
905 1611 959 1648 non
986 1593 1098 1666 impium
1127 1601 1168 1646 est
1196 1601 1371 1647 contemnere
1400 1593 1500 1647 honum
1529 1593 1705 1666 episcopum?

346 1685 396 1725 ιο
413 1676 463 1730 Sed
486 1677 639 1750 depingunt
663 1695 742 1751 qrrem
765 1677 849 1733 velint
871 1678 1016 1733 coruemni.
1062 1677 1093 1731 Et
1117 1678 1178 1749 quis
1201 1685 1255 1738 cst,
1286 1678 1426 1750 inquirunt,
1457 1679 1592 1732 llonranus
1615 1677 1706 1749 ponti·

414 1761 469 1821 lex,
493 1779 526 1815 an
550 1779 605 1816 mm
627 1771 740 1817 exustor
762 1763 908 1834 evangeiii,
937 1762 1062 1817 inimicus
1084 1761 1141 1822 clei,
1171 1762 1300 1816 seductor
1323 1763 1408 1816 totius
1423 1762 1568 1817 Christiani
1592 1761 1705 1834 populi?

413 1845 440 1899 Si
463 1846 497 1899 de
520 1846 568 1900 tali
591 1846 717 1919 pontifice
741 1846 905 1920 loquuntur,
928 1865 942 1901 a
966 1864 1008 1901 me
1031 1845 1122 1901 nullus
1145 1862 1262 1919 unquam
1286 1846 1416 1919 probatus
1432 1856 1481 1901 est.
1527 1855 1554 1901 et
1578 1852 1667 1900 tamen
1683 1845 1704 1899 si

414 1931 474 2002 qrris
498 1929 560 1985 talis
583 1939 668 1992 essct,
692 1948 747 1986 non
770 1939 812 1987 est
835 1949 923 2007 uicum
947 1931 1008 1986 illos
1031 1931 1064 1984 de
1086 1930 1157 1985 solio
1181 1931 1364 2004 praecipitare:
1389 1931 1451 1985 vivit
1473 1931 1560 1985 adhuc
1582 1930 1705 1993 Christus

413 2023 440 2068 et
463 2014 544 2069 hahet
567 2015 593 2069 in
617 2032 696 2070 mann
719 2015 854 2088 llagellum
878 2015 976 2088 quibus
998 2015 1067 2069 tales
1089 2014 1216 2069 exturbet
1238 2033 1252 2069 e
1276 2015 1386 2088 templo.
1431 2015 1483 2070 Sed
1505 2032 1559 2070 non
1575 2023 1618 2068 est
1634 2030 1774 2087 spossus,

356 2099 556 2170 ¹5inquiunt‚
587 2108 765 2171 sequutnrnm
796 2100 935 2155 meliorem
958 2101 1055 2155 Leone.
1100 2099 1217 2154 Primum
1247 2117 1299 2171 ego
1328 2116 1382 2155 non
1410 2117 1469 2155 snrn
1493 2101 1570 2155 imlen
1593 2099 1705 2154 Leonis:

417 2183 497 2237 habet
520 2183 566 2237 ille
590 2201 668 2238 suum
691 2185 803 2240 iudicem
827 2185 869 2239 cui
893 2193 946 2242 stat
969 2192 1016 2238 aut
1037 2184 1123 2239 cadit:
1147 2184 1168 2238 si
1193 2192 1391 2257 praecesserunt
1407 2192 1447 2239 tot
1464 2184 1541 2245 boni,
1565 2201 1636 2256 qrrur
1651 2200 1706 2238 non

414 2275 456 2322 est
486 2284 549 2340 spes
578 2267 694 2341 aliquem
723 2286 805 2342 pesse
836 2269 912 2341 sequi
942 2269 1039 2342 priscis
1063 2267 1117 2322 illis
1140 2268 1307 2323 adsimilem?
1340 2269 1456 2324 nauide
1479 2270 1529 2324 boc
1553 2268 1618 2323 nihil
1642 2286 1706 2341 pro·

414 2353 528 2413 nuncio,
556 2369 591 2408 ue
618 2353 661 2408 cui
693 2353 783 2408 videar
805 2354 946 2408 assentari.
991 2353 1115 2407 Christus
1138 2353 1195 2426 ipse
1218 2370 1267 2425 per
1290 2353 1399 2427 impium
1423 2354 1577 2426 pontificem
1601 2354 1706 2407 adiura-

416 2444 458 2490 tns
482 2438 623 2510 respondit
646 2455 694 2493 uec
717 2455 833 2511 prorsus
856 2438 971 2493 obticuit
994 2455 1008 2492 a
1030 2437 1117 2492 Pilato
1142 2437 1231 2492 iussus
1255 2437 1344 2511 loqui;
1367 2437 1466 2492 Paulus
1490 2438 1626 2511 quomodo
1649 2437 1706 2508 agit

361 2531 522 2575 roansam
545 2522 614 2594 apud
637 2522 759 2583 Festum,
783 2522 897 2577 Felicem
919 2531 946 2577 et
968 2519 1129 2595 Agrippam,
1154 2521 1277 2577 videlicet
1298 2522 1417 2596 appellat
1441 2531 1584 2595 tyrannos,
1608 2522 1707 2576 manci·

413 2606 456 2679 pia
479 2605 595 2666 diaboli,
620 2624 713 2662 servos
736 2608 852 2680 peceati,
876 2607 970 2661 hostes
992 2606 1048 2668 dci,
1073 2624 1134 2661 mox
1157 2607 1267 2661 aeternis
1291 2607 1398 2679 ignibus
1421 2607 1598 2662 addicendos?
1631 2606 1706 2661 Nunc

413 2691 471 2746 vide
495 2690 560 2762 quid
584 2691 628 2746 isti
652 2693 842 2764 responderint
864 2691 1020 2746 civilitatem
1044 2708 1129 2745 ineam
1153 2691 1351 2746 excusantibus.
1397 2692 1453 2754 Sic,
1478 2693 1580 2765 inspuit,
1603 2692 1705 2746 diceret

413 2774 555 2835 Erasmus,
585 2775 768 2831 Antichristus
790 2794 833 2836 es,
864 2793 947 2849 papu;
976 2776 1133 2830 seductores
1156 2776 1235 2836 estis,
1264 2776 1400 2850 episcopi:
1423 2777 1540 2831 llonmna
1564 2777 1641 2831 seiles
1665 2793 1707 2827 re·

413 2868 469 2914 stra
493 2859 681 2915 abominabilis
704 2869 746 2915 est
767 2861 831 2920 deo,
862 2860 968 2934 aliaque
999 2860 1025 2914 in
1053 2861 1121 2915 hanc
1149 2861 1310 2916 sententiam
1327 2860 1423 2915 ‘nutlta
1452 2861 1494 2916 his
1522 2862 1601 2916 etiam
1631 2861 1706 2915 odio·

364 2944 495 2998 zssiora.
540 2943 598 2999 lion
626 2944 744 3017 probant
765 2944 868 3000 Erasini
894 2945 1063 3005 civilitatem,
1095 2945 1145 2998 nisi
1174 2947 1250 3018 prins
1276 2946 1334 3000 haec
1361 2946 1482 3017 praelati,
1506 2954 1561 3001 tam
1584 2946 1777 3007 videlicetteo.

413 3028 575 3101 evangelice.
620 3029 739 3084 Primum
761 3028 827 3083 illud
852 3047 970 3102 quterram
993 3047 1025 3084 er
1048 3047 1108 3084 meo
1132 3029 1232 3091 iudice,
1262 3046 1295 3085 an
1324 3038 1401 3102 putet
1430 3048 1522 3103 aequas
1549 3029 1704 3087 huiusmodi

414 3113 488 3185 leges
512 3130 579 3185 quas
601 3113 667 3168 mihi
690 3114 857 3187 praescribit:
881 3113 977 3168 deinde
1000 3131 1033 3169 an
1056 3121 1134 3187 putet
1156 3113 1237 3169 utiles
1261 3114 1376 3185 negocio
1392 3114 1555 3170 Lnthcranu.
1600 3115 1627 3168 Si
1650 3115 1705 3170 haec

414 3198 560 3253 scriberem
584 3199 610 3252 in
634 3198 720 3253 bonos
744 3198 900 3271 pontifices,
924 3215 1015 3254 nonne
1038 3199 1128 3252 ridear
1150 3198 1281 3253 iniurius?
1312 3198 1333 3251 si
1358 3198 1383 3251 iu
1407 3197 1492 3253 malos
1508 3200 1546 3254 sic
1561 3199 1706 3253 debaccha-

415 3298 472 3342 rer,
508 3283 572 3358 quid
595 3283 667 3337 aliud
691 3300 770 3356 qnam
794 3283 927 3338 irritarem
951 3283 1098 3337 crabrones
1121 3283 1147 3335 in
1171 3299 1259 3336 meum
1282 3281 1483 3354 rtrttltorumque
1505 3281 1623 3337 malum?
1656 3283 1774 3341 Sir-§.sa

378 3375 507 3438 aoporcst
534 3367 621 3422 adhuc
648 3384 731 3421 rmum
759 3367 860 3422 crimen
891 3367 1010 3422 omnium
1038 3366 1198 3420 inanimum:
1227 3366 1254 3421 in
1276 3366 1435 3437 Paraphrasi
1459 3384 1510 3438 qrra
1533 3365 1637 3438 explico
1660 3383 1708 3421 no·

415 3467 477 3505 nnm
499 3460 581 3523 capnt
604 3451 720 3524 apostoli
737 3451 811 3506 l'auli
835 3452 867 3506 acl
883 3452 1031 3511 llomanos,
1056 3451 1146 3504 tribuo
1166 3450 1303 3505 minimum
1327 3450 1452 3522 qrriihlam
1476 3450 1562 3504 libero
1585 3449 1707 3511 arbitrio,

416 3534 537 3590 videlieet
565 3543 697 3608 sequutus
720 3536 863 3607 Origenem
893 3545 920 3591 et
949 3535 1151 3608 llieronyumm.
1196 3534 1333 3607 Principio
1363 3552 1444 3607 qtrmu
1466 3535 1642 3607 l’araphrasis
1672 3535 1707 3588 sit

414 3620 600 3675 commentarii
623 3637 723 3693 genus,
754 3638 835 3693 quum
864 3620 993 3693 profitear
1021 3638 1063 3674 mc
1087 3620 1113 3674 in
1137 3619 1274 3693 plerisque
1297 3620 1374 3692 sequi
1397 3619 1528 3691 probatos
1551 3637 1581 3673 ac
1604 3618 1708 3691 priscos

414 3704 593 3777 interpretes,
625 3705 688 3778 quid
716 3705 861 3763 admissum
890 3714 932 3759 est
954 3705 1052 3778 piaculi
1076 3704 1098 3758 si
1123 3722 1224 3777 sequor
1242 3703 1339 3772 alierrbi
1362 3699 1505 3775 Origenem
1528 3710 1555 3758 et
1578 3703 1708 3775 llierony-

385 3798 501 3849 tarrrmu,
531 3797 641 3844 autores
671 3797 700 3844 ut
723 3789 842 3845 arbitror
864 3791 891 3844 in
914 3790 997 3845 sacris
1020 3788 1107 3843 literis
1130 3807 1184 3844 non
1206 3790 1407 3862 aspernandos?
1443 3792 1531 3862 htque
1560 3789 1584 3843 id
1607 3789 1707 3843 sactum

412 3883 453 3928 est
477 3882 540 3928 autc
564 3891 644 3946 quarn
667 3874 801 3928 lutherus
824 3873 989 3947 prodidisset
1011 3873 1110 3945 dogma
1133 3892 1225 3935 strum,
1256 3874 1311 3929 sire
1335 3873 1548 3935 Wicleriticum,
1579 3873 1706 3946 quicquid

364 3972 379 3978 “
410 3958 527 4015 facimus
559 3958 613 4012 sive
643 3958 706 4013 boni
736 3958 791 4012 sive
820 3957 881 4012 mali
910 3976 969 4013 esse
997 3959 1167 4015 necessitatis
1190 3957 1337 4015 absolutor:
1368 3976 1427 4014 nam
1452 3978 1510 4016 nica
1531 3958 1707 4032 Pacapbrasis

410 4060 509 4097 excusa
541 4051 583 4097 est
605 4042 714 4098 Lorauii
743 4059 814 4097 anno
844 4042 987 4097 millesimo
1017 4043 1235 4115 quingentesimo
1264 4045 1520 4118 decimoseptimo,
1552 4052 1580 4099 et
1602 4043 1707 4116 aliquot

410 4127 552 4182 mensibus
580 4136 640 4182 erat
663 4127 815 4199 hntverpiae
843 4127 942 4200 scripta
974 4128 1049 4200 prius
1078 4145 1158 4200 quam
1181 4129 1367 4184 excuderetur.
1413 4139 1494 4203 atque
1517 4130 1625 4184 interim
1649 4129 1708 4201 qui·

370 4213 472 4266 teclam
496 4210 651 4284 appellatur
673 4219 748 4266 totus
771 4210 954 4272 Erasinianus,
985 4212 1057 4284 quod
1086 4213 1120 4266 de
1149 4211 1234 4267 libero
1258 4214 1372 4268 arbitrio
1395 4231 1499 4269 mecum
1522 4214 1621 4268 sentiat
1643 4223 1670 4267 et
1693 4231 1707 4267 a

411 4296 533 4350 luthero
556 4296 715 4350 dissentiat:
739 4295 785 4349 scd
810 4303 898 4350 tamen
920 4296 983 4351 huic
1004 4296 1084 4349 datur
1106 4296 1197 4357 venia,
1229 4298 1299 4369 quod
1324 4298 1426 4352 invenis
1450 4298 1527 4351 bonae
1551 4298 1608 4370 spei
1632 4297 1705 4351 breti

409 4381 446 4436 sit
470 4379 552 4435 aliter
573 4397 712 4434 sensurus.
757 4378 803 4434 llic
826 4397 921 4434 rursus
944 4379 1051 4452 appello
1075 4397 1163 4436 mcum
1185 4397 1292 4453 aequum
1316 4381 1443 4439 indicem,
1468 4398 1550 4453 <purim
1574 4381 1625 4434 hoc
1640 4381 1775 4437 scri-§.ss

410 4464 514 4538 pserim
538 4472 600 4518 ante
623 4464 759 4536 proditum
775 4463 886 4519 lutheri
908 4463 1021 4534 (logion,
1045 4480 1127 4535 quum
1152 4465 1221 4519 idem
1244 4465 1361 4518 sentiant
1385 4482 1479 4519 ornnes
1503 4463 1625 4534 theologi
1650 4472 1705 4518 tum

410 4557 519 4604 veteres
536 4556 592 4602 tum
609 4557 746 4608 recentes,
770 4548 914 4620 Origenes,
938 4546 1133 4619 llieronymus,
1157 4548 1381 4620 chrysostomus,
1405 4548 1537 4607 llilarius,
1561 4547 1705 4608 hiarobius,

366 4634 526 4693 assectas,
562 4632 693 4694 Thomas,
722 4649 771 4686 cur
799 4648 851 4703 ego
881 4630 953 4685 velut
975 4640 1056 4685 autor
1077 4631 1157 4685 huius
1180 4632 1323 4686 sentcntiae
1345 4649 1428 4687 vocor
1451 4633 1476 4686 in
1501 4631 1557 4691 ins,
1586 4639 1613 4685 et
1637 4648 1708 4703 qum
1737 4679 1743 4689 ,

411 4718 457 4789 qui
480 4717 609 4771 dissentit
631 4716 803 4776 abuthero,
826 4724 938 4771 vocatur
959 4714 1131 4769 llrasmianus
1154 4714 1246 4787 potins
1269 4733 1349 4787 quarn
1372 4715 1524 4770 llilarianus
1547 4723 1593 4770 ant
1615 4715 1708 4769 lliero·

411 4802 570 4874 nymianns
602 4801 754 4872 presertim
783 4818 865 4873 quum
888 4818 946 4856 carn
970 4799 1149 4872 quaestionem
1173 4815 1227 4852 uon
1251 4799 1415 4871 susceperim
1439 4801 1655 4873 pertractandam
1680 4799 1705 4853 in

411 4885 573 4959 l‘araphrasi
603 4885 650 4938 sed
678 4884 767 4940 obiter
795 4884 984 4946 transilierim,
1015 4882 1239 4956 quemadmodum
1273 4883 1336 4938 lecit
1360 4884 1417 4956 ipse
1440 4883 1554 4945 Patulus,
1583 4884 1628 4956 qni
1652 4900 1706 4938 non

412 4970 542 5041 dignatur
559 4968 614 5023 illic
629 4958 795 5041 respondere
812 4970 998 5041 percontatori
1017 4967 1149 5041 improbo.
1179 4974 1206 5022 et
1223 4975 1310 5022 tamen
1327 4968 1399 5028 ride,
1418 4967 1515 5028 lector,
1541 4975 1643 5040 quanto
1659 4969 1707 5022 rni-

379 5067 466 5108 '0onns
489 5054 555 5108 illic
570 5052 687 5111 trssmam
703 5052 789 5106 libero
805 5052 919 5108 arbitrio
936 5072 1014 5126 qrram
1025 5053 1152 5107 'tribuant
1169 5051 1208 5105 rel
1224 5061 1329 5107 veteres
1346 5052 1385 5106 rel
1402 5053 1583 5107 recentiorum
1599 5052 1708 5108 scholae.
