4367 6084
530 732 728 783 cccxxxm.
749 748 868 783 scouosu
881 749 984 783 nussum
998 748 1142 783 unvsusvs
1155 749 1328 782 nseunusxss
1342 749 1474 784 aversus.
1576 721 1650 792 285

352 905 423 974 puis
437 904 613 962 eruditionis
627 901 769 962 unctistes?
788 905 867 962 bunc
881 905 1001 962 taudem
1014 906 1060 962 itti
1073 906 1177 976 patum
1192 903 1368 971 tribuebam,
1384 907 1546 964 etiamtum
1561 924 1650 979 quum
1665 904 1670 914 '

354 1006 487 1062 manime
499 1003 633 1075 [erueret
646 1008 724 1063 iuter
742 1022 794 1063 uos
808 1007 959 1069 simu'tuss
975 1013 1005 1062 et
1024 1019 1114 1076 quum
1133 1006 1255 1076 quidum
1273 1006 1385 1076 tiuuuoe
1399 1004 1514 1065 Latinus
1527 1011 1650 1081 priuci—

353 1110 459 1177 patum
475 1106 549 1163 miiu'
564 1108 740 1174 tribuerent,
761 1109 851 1165 etiam
866 1107 946 1163 itanc
967 1106 1085 1164 taudem
1107 1107 1225 1163 inimico
1245 1107 1321 1162 cessi
1340 1108 1485 1166 inimicus.
1520 1110 1639 1168 Plenius
1652 1122 1717 1170 taus.

355 1207 440 1263 iilum
455 1207 593 1264 laudunii
608 1207 752 1266 Huttenus
767 1209 797 1265 iu
815 1209 938 1281 epistota
956 1223 1015 1279 airu
1033 1208 1150 1279 iuputat
1166 1208 1265 1275 titum,
1281 1206 1412 1264 scribens
1425 1224 1456 1266 se
1472 1191 1571 1268 dolere
1588 1229 1651 1269 esse

334 1308 387 1362 sin
401 1322 437 1364 eo
452 1309 533 1378 quod
550 1311 597 1366 itti
610 1310 788 1366 invideatur.
822 1308 899 1377 Ouid
912 1310 1072 1381 speciosius
1090 1308 1148 1365 buc
1166 1308 1257 1365 tuende
1274 1308 1311 1365 ab
1332 1307 1413 1365 boste
1432 1309 1518 1381 duur,
1539 1329 1602 1369 esse
1619 1316 1648 1371 in

356 1408 509 1465 Ateundro
532 1410 698 1466 doctrinam
721 1410 835 1467 inuidiu
858 1405 1002 1480 dippum?
1026 1425 1080 1480 epo
1107 1417 1186 1466 certe
1206 1398 1396 1474 moderatiusv
1409 1410 1492 1467 ilium
1510 1412 1649 1471 lauduni:

355 1516 445 1579 atque
468 1509 523 1567 boc
541 1509 665 1568 Huttem'
691 1511 729 1578 de
755 1527 787 1568 se
811 1512 999 1583 prrcecouium
1022 1500 1175 1568 Aieunder
1191 1509 1275 1582 uprud
1292 1525 1338 1567 me
1360 1512 1488 1569 iuctuuit.
1535 1513 1636 1572 inicam
1650 1529 1715 1576 §.ssu

353 1609 481 1680 inponue
498 1611 577 1681 urrod
593 1613 700 1670 sentio:
722 1621 754 1669 ut
769 1614 894 1685 pessime
910 1613 1033 1680 meritus
1049 1622 1092 1668 est
1107 1611 1145 1669 de
1165 1628 1210 1668 me
1227 1613 1387 1669 scelerosus
1404 1613 1454 1669 itte
1469 1616 1522 1684 quui
1535 1617 1648 1673 Aleon-

355 1708 442 1767 drum
460 1713 491 1767 in
514 1728 560 1769 me
580 1715 706 1784 iritauit,
737 1714 779 1770 itu
798 1712 899 1770 lubens
923 1713 990 1769 tutis
1012 1714 1102 1769 amici
1116 1715 1326 1785 possessionem
1342 1717 1548 1786 recuperatam
1566 1719 1592 1773 si
1607 1719 1649 1774 n·-

324 1818 436 1880 mcent‚
464 1828 502 1869 ue
530 1815 676 1872 tantulum
703 1813 821 1891 quidem
848 1813 886 1870 ub
916 1815 1099 1872 itta‘uercans
1119 1810 1272 1871 commodi.
1317 1813 1381 1872 Hoc
1400 1831 1488 1887 quum
1511 1817 1586 1874 nituit
1607 1819 1650 1874 ud

355 1910 479 1969 Lutbert
493 1916 646 1985 nepocr'um
663 1914 977 1987 permundentur
997 1915 1078 1986 quod
1097 1917 1231 1987 queritur
1251 1912 1418 1973 Huttenus?
1439 1916 1498 1973 Per
1514 1933 1560 1974 me
1581 1920 1650 1975 ticet

354 2013 400 2069 itti
412 2013 509 2071 odisse
524 2016 708 2073 Ateuudrum
727 2021 869 2087 quantum
887 2017 967 2073 notet.
1013 2016 1110 2074 Porro
1131 2033 1199 2088 quie
1220 2016 1323 2073 scribit
1340 2015 1500 2085 Huttenus‚
1522 2017 1587 2075 ‘lite
1609 2027 1636 2076 te
1648 2037 1714 2085 §.uu

356 2120 448 2171 ‘umut
463 2118 565 2184 unice,
588 2118 670 2175 illum
689 2122 719 2174 tu
741 2117 878 2175 dilectum
900 2117 1002 2186 trabes,
1023 2132 1089 2174 cum
1114 2118 1164 2174 itto
1185 2120 1316 2174 suaviter
1335 2119 1406 2175 uinis
1423 2128 1452 2175 et
1473 2121 1501 2175 in
1520 2120 1647 2178 medium

356 2216 543 2288 ‘quandoque
563 2225 675 2275 noctem
694 2218 839 2290 producis
856 2220 990 2276 literatus
1008 2218 1152 2290 subutns;
1171 2220 1259 2275 etiam
1281 2221 1416 2276 comunit
1434 2221 1510 2277 inter
1532 2237 1595 2290 cros,
1617 2226 1649 2279 ut

325 2333 346 2370 ss
356 2315 487 2374 ‘Romam
511 2321 586 2376 eatis
608 2316 688 2387 unu',
710 2320 803 2391 ipsius
828 2326 1021 2377 commentum
1047 2326 1104 2388 est,
1129 2336 1187 2377 nou
1209 2335 1274 2376 meu
1297 2336 1370 2377 uon:
1396 2322 1501 2377 etenim
1525 2337 1593 2393 quie
1616 2324 1646 2379 iu

354 2420 477 2490 epistotu
498 2420 542 2476 ud
561 2420 728 2477 Lourinum
754 2421 1004 2478 commemoro-de
1031 2419 1242 2478 cousuetudine
1269 2436 1335 2477 eum
1354 2422 1519 2489 Aloanda,
1547 2426 1646 2480 aurinia

354 2520 383 2575 in
402 2519 458 2577 boe
478 2521 706 2592 producuntur,
728 2537 786 2578 nou
804 2532 835 2579 ut
853 2523 1054 2596 persuadeam
1071 2536 1212 2593 mupnum
1233 2521 1307 2578 milri
1328 2538 1394 2579 cum
1415 2525 1467 2579 itto
1486 2541 1549 2580 esse
1568 2527 1647 2581 umi-

353 2622 467 2690 citiam,
492 2622 547 2680 sed
572 2628 604 2680 ut
624 2623 768 2680 aduersus
786 2638 835 2680 eos
853 2625 905 2695 qui
925 2639 1020 2681 meum
1035 2613 1251 2696 prosectionem
1271 2621 1380 2693 [upum
1401 2639 1463 2681 esse
1477 2624 1644 2695 iactabant,

354 2721 488 2779 docerem
505 2738 551 2779 me
565 2726 669 2796 putum
687 2733 716 2781 et
736 2724 868 2781 omnibus
888 2727 1012 2782 consciis
1028 2725 1133 2783 obisse.
1177 2724 1243 2781 lum
1258 2727 1340 2796 tiriae
1362 2724 1396 2781 id
1414 2726 1495 2796 quod
1510 2733 1632 2794 nonest,
1646 2746 1722 2795 sqq.-

322 2835 399 2879 nme
420 2823 572 2881 Ateuudro
594 2828 670 2883 mute
693 2827 801 2883 uolenti
820 2828 897 2883 rnute
921 2828 1005 2894 cette,
1032 2827 1087 2884 sed
1108 2827 1262 2883 simulasse
1285 2827 1444 2883 amicitiam
1469 2842 1526 2897 quo
1549 2829 1646 2885 miurus

352 2924 484 2993 truderet,
504 2932 592 2997 utque
614 2926 672 2983 buc
694 2929 792 3000 specie
814 2927 958 2998 ticeotopos
977 2927 1120 2998 quosdam
1141 2929 1239 2983 ontreiu
1257 2929 1406 2985 mutientes
1423 2943 1645 3000 compescerem,

352 3041 391 3082 aa
414 3026 489 3083 mibi
504 3027 711 3099 indipuubitur
726 3010 872 3086 Huttenus
886 3029 914 3084 si
930 3027 1058 3098 vafricie
1075 3029 1153 3084 nultr'
1166 3030 1259 3085 uouiu
1274 3044 1348 3085 mere
1367 3030 1458 3086 sututi
1471 3025 1646 3088 consutum?
1764 3106 1766 3114 .

352 3125 429 3184 Erat
449 3127 575 3186 Muuuit
594 3128 731 3200 furiosus
752 3130 873 3201 quidum
893 3130 1078 3202 predicator
1099 3130 1177 3186 miru
1193 3137 1473 3186 commemoraturus
1493 3130 1530 3186 de
1550 3146 1596 3186 me
1615 3146 1712 3195 cisnsr.

350 3229 495 3301 prandio,
512 3230 545 3287 id
559 3232 636 3288 euim
652 3232 833 3303 promiserat
847 3231 875 3286 in
891 3232 1030 3287 concione
1046 3231 1209 3295 mututiuu,·
1226 3228 1378 3285 Ateunder
1395 3245 1414 3285 a
1431 3243 1477 3286 me
1494 3230 1645 3288 submoni—

322 3313 397 3387 mtus
419 3333 507 3388 misso
529 3333 637 3388 nuncio
664 3333 802 3404 imposuit
821 3331 933 3388 bomini
952 3332 1115 3398 sitentium,
1142 3332 1254 3401 utioqur¹
1279 3330 1492 3402 improbissimo
1517 3331 1644 3390 rabutu’.

350 3434 415 3502 quis
444 3447 502 3489 non
525 3433 717 3504 prudentiam
746 3434 878 3505 appellet
899 3433 996 3504 potinus
1022 3433 1110 3490 uticum
1132 3432 1259 3488 inimicis
1280 3432 1363 3488 abuti
1389 3431 1430 3487 ud
1453 3447 1517 3489 rcm
1541 3429 1645 3490 tuum?

351 3535 420 3604 quin
448 3533 587 3605 tineotopis
615 3535 790 3604 quibusdam
813 3535 935 3591 muttum
962 3520 1095 3589 subsedit
1118 3534 1283 3589 urniraorum
1308 3549 1347 3588 eu
1374 3533 1427 3588 itta
1454 3539 1555 3589 nostru
1584 3541 1643 3590 tum

348 3642 436 3691 arcta
461 3633 673 3705 sumdiuritute
696 3649 865 3707 paucarum
892 3634 1018 3691 dierumr.
1065 3634 1155 3705 Atqui
1175 3634 1204 3689 iu
1223 3633 1355 3691 omnibus
1381 3635 1533 3705 cultoquiis
1557 3635 1711 3700 udeosms.

349 3736 425 3793 uiuit
444 3736 556 3794 dictum
575 3742 620 3793 est
638 3737 782 3794 aduersus
798 3735 973 3804 Hutteuum,
995 3740 1028 3793 ui
1048 3736 1128 3793 itlius
1150 3750 1254 3792 oenum
1270 3744 1298 3791 et
1319 3736 1468 3806 inpeniuru
1487 3738 1644 3807 muprn'fice

294 3836 545 3909 umbilicarem
562 3837 647 3910 apud
665 3840 869 3895 Curucciotum
890 3846 919 3894 et
939 3837 1122 3896 Alcandrum
1145 3837 1348 3908 iudipnontem
1370 3846 1531 3909 utrunque,
1555 3827 1644 3910 idque

345 3945 415 4012 post
429 3940 585 3996 conuitium
604 3938 834 4009 Wormucc'ense,
855 3954 943 4010 ouum
963 3954 1012 3996 res
1025 3937 1147 3996 Hutteui
1158 3940 1230 3997 sutis
1244 3947 1333 3996 erunt
1344 3941 1539 4004 enutcerutoe.
1572 3939 1634 3998 Po-
1645 3950 1712 4000 §.uu

347 4049 456 4097 stremo
480 4048 578 4097 utrum
606 4046 649 4097 est
673 4042 799 4113 propius
824 4040 1005 4098 inmanitati
1030 4040 1190 4110 honorifice
1216 4041 1347 4099 scribere
1369 4041 1406 4099 de
1423 4042 1563 4112 inimicis,
1589 4059 1646 4114 uuo

348 4143 514 4213 mitipemus
536 4143 653 4199 ittorum
675 4142 791 4211 odium,
821 4158 860 4198 uu
892 4148 951 4199 tam
973 4143 1133 4200 virulentos
1151 4148 1181 4198 et
1197 4144 1267 4214 ptus
1289 4159 1378 4215 quam
1398 4143 1515 4201 bostites
1536 4144 1647 4201 tibettos

347 4242 495 4310 scribere,
519 4244 636 4314 quatem
658 4241 802 4301 Huttenus
820 4244 941 4316 scripsit
960 4245 989 4299 iu
1008 4244 1134 4300 amicum
1157 4249 1187 4299 et
1202 4242 1414 4301 benevolentem
1435 4253 1464 4301 et
1482 4245 1646 4301 berncrueri-

308 4350 409 4400 ³⁵tum
423 4350 454 4399 et
471 4343 542 4400 bene
563 4344 673 4400 mereri
689 4339 876 4417 cupientem?
900 4343 1034 4401 b'orndum
1053 4347 1124 4414 riuis
1142 4346 1314 4413 criminum,
1336 4346 1391 4401 sed
1409 4347 1439 4400 in
1455 4348 1578 4417 epistota
1594 4347 1636 4402 ad
1647 4353 1714 4403 inu.

350 4445 517 4503 Lourinum
544 4459 736 4503 commemoro
766 4459 914 4503 rumorem
941 4445 989 4502 trie
1012 4444 1110 4514 fuisse
1134 4459 1273 4516 sparsum
1295 4443 1458 4502 Romanum
1476 4447 1645 4519 pontificem

358 4732 365 4740 ‚
420 4694 541 4761 ⁴opist.]
563 4698 712 4746 invectiva.
734 4697 769 4745 os.
789 4711 872 4760 surpra
891 4711 917 4759 p.
934 4693 972 4743 lo.
991 4696 1014 4754 ξ.
1029 4691 1069 4743 32.
1153 4692 1175 4724 ¹⁰
1198 4708 1231 4741 ne
1251 4693 1386 4742 tantulum
1452 4709 1513 4743 ven.
1535 4690 1643 4757 comum]

352 4782 403 4829 Vix
425 4783 569 4845 quibusquam
587 4781 668 4829 hodio
688 4780 784 4830 eredat
802 4782 916 4829 Erasmo
935 4780 976 4827 sie
994 4777 1118 4842 loquenti
1131 4777 1164 4824 de
1179 4768 1313 4839 δώροισίν
1331 4767 1353 4825 τ’
1371 4771 1513 4841 dipundius,
1534 4769 1648 4827 ἐπέεσσί

352 4881 380 4914 τε
404 4865 600 4930 μειλιχίοισιν,
630 4866 754 4929 quamvis
778 4864 875 4928 vulpes
898 4879 951 4910 non
976 4863 1104 4928 capiatur
1122 4862 1289 4910 muneribus.
1365 4860 1385 4892 ’ἲ
1403 4861 1497 4927 scrib]
1530 4864 1643 4926 Expost.

353 4954 376 5009 §.
394 4952 450 4999 tut.
487 4950 718 5014 1ὓίρείιιιιιιιιιιιιι.
733 4946 767 5011 e.]
789 4947 885 5008 nuliis,
905 4949 958 4996 nisi
973 4947 1092 5007 falleris,
1114 4953 1155 4995 est
1169 4952 1217 4995 tua
1237 4949 1315 5007 ¹sox',
1336 4949 1461 5011 quamvis
1481 4962 1533 4996 nou
1553 4949 1645 4998 omnia

353 5041 400 5085 tua
419 5038 480 5102 ipsu
499 5036 585 5085 verba
603 5036 668 5083 sint.
738 5033 760 5064 ³³³
780 5033 891 5097 Exponit.
905 5036 935 5093 ἕξ
951 5032 1005 5081 125.
1019 5048 1077 5095 sqq.
