4367 6084
552 722 626 793 35ss
680 738 906 788 cccxxxvnl.
920 753 1024 788 sonunt
1038 753 1120 788 ussit
1133 753 1258 790 ussum
1272 755 1388 796 :qums
1402 754 1435 789 nc
1451 755 1548 788 eom
1561 738 1724 790 ametimos.

690 913 728 968 Μ.
757 913 791 968 tn
811 914 866 967 sili
885 914 941 967 iam
960 914 1074 984 fiuqant
1095 915 1220 984 aliquam
1245 921 1294 969 tua
1316 915 1426 968 somnia
1449 915 1543 973 ritant,

793 998 907 1051 Fabula
928 999 998 1068 quiet
1016 1000 1078 1052 otta
1098 1000 1230 1067 proderit
1251 1001 1306 1053 ista
1329 999 1397 1054 tibi?

535 1147 543 1157 .
690 1083 728 1137 M.
753 1084 843 1151 Quam
866 1098 929 1136 mea
949 1081 1033 1152 sarna
1054 1083 1128 1136 milri-
1143 1084 1241 1137 trilruit
1264 1086 1411 1139 verissima
1436 1085 1529 1148 ailam,

622 1185 646 1223 n
798 1168 927 1234 auserit,
950 1173 978 1221 et
999 1168 1115 1237 superis
1136 1183 1179 1221 me
1197 1167 1273 1240 facit
1293 1183 1355 1223 esse
1373 1184 1485 1237 parem.

691 1253 730 1308 M.
754 1254 817 1308 Diis
839 1267 875 1306 ne
895 1267 998 1322 parem
1018 1251 1113 1322 faeiat
1136 1259 1162 1307 te
1181 1253 1264 1322 sama
1283 1253 1438 1318 leuissima,
1460 1254 1542 1308 errius

795 1338 887 1391 Facta
909 1341 952 1391 est
972 1342 1058 1407 atque
1080 1338 1179 1391 eaelem
1202 1338 1334 1406 eorporis
1354 1337 1456 1391 umbra
1479 1338 1537 1393 tuit

693 1422 729 1477 H.
754 1423 818 1478 Mon
842 1423 896 1487 ita,
919 1437 1042 1492 namque
1059 1421 1141 1475 breoi
1160 1423 1290 1476 clausum
1313 1428 1355 1475 est
1374 1423 1459 1476 lrreoe
1480 1437 1587 1492 eorpus
1608 1423 1636 1475 in
1682 1439 1748 1488 rna,

623 1499 648 1535 ³⁸³
799 1507 891 1560 Fama
911 1520 1031 1561 manens
1047 1506 1148 1574 pulsat
1169 1505 1243 1561 Solis
1262 1513 1414 1577 utramque
1436 1507 1557 1561 domum.

692 1591 730 1645 M.
755 1593 800 1646 Λα
820 1596 846 1644 te
866 1589 949 1662 sama
966 1590 1038 1645 nintt
1057 1598 1108 1644 tua
1128 1592 1253 1660 pertinet
1271 1592 1408 1661 amplius,
1431 1606 1470 1646 eu
1488 1609 1553 1662 quo,

795 1675 851 1730 Seu
872 1675 945 1729 leona
968 1689 1018 1728 seu
1043 1677 1119 1728 mala
1141 1677 1191 1740 sit,
1215 1676 1257 1728 nil
1277 1676 1328 1730 tilri
1343 1678 1418 1730 seire
1439 1677 1513 1731 lieet.

692 1760 730 1816 H.
754 1760 893 1825 Manita,
917 1776 982 1813 nam
1006 1757 1110 1813 Mones
1132 1762 1205 1814 uenit
1225 1766 1253 1814 et
1272 1759 1446 1831 bonafama
1469 1762 1521 1815 sno
1543 1763 1621 1825 imos,

621 1863 648 1900 to
798 1846 837 1899 Et
855 1846 932 1899 mala
954 1844 1035 1914 apuel
1056 1858 1179 1914 superos
1199 1845 1278 1898 nulla
1302 1845 1402 1898 relicta
1425 1845 1495 1900 mini
1510 1852 1561 1901 est.

690 1929 730 1985 M.
753 1931 833 2002 Erqo
852 1930 922 2000 quill
942 1930 1051 1983 utilium
1072 1927 1247 1998 confeceris,
1270 1930 1389 1998 optime,
1412 1944 1519 1997 rernm,

794 2013 876 2068 Scire
896 2028 993 2082 opera
1010 2015 1142 2083 precium
1165 2019 1192 2067 te
1213 2013 1358 2084 referente
1379 2014 1449 2068 mini
1468 2021 1519 2070 est.

691 2098 729 2153 H.
754 2098 926 2169 Quanquam
948 2104 1018 2153 teste
1039 2104 1121 2168 eqeot
1143 2099 1220 2152 ruello
1240 2113 1320 2151 mens
1339 2101 1455 2153 conseia
1477 2101 1557 2165 recti,

622 2201 646 2240 u
799 2183 863 2238 Non
884 2189 978 2236 tamen
1001 2189 1044 2237 est
1065 2183 1140 2236 ullus
1158 2183 1254 2237 elicere
1277 2197 1345 2236 oero
1363 2184 1468 2252 pudor.

690 2268 729 2323 M.
752 2269 806 2324 Die
828 2269 929 2339 iqitur,
953 2268 1021 2338 quia
1043 2284 1098 2321 non
1116 2267 1205 2336 pudet
1228 2266 1274 2320 lie
1292 2283 1404 2338 quoque
1427 2286 1501 2324 rana
1518 2267 1620 2339 fateri,

777 2352 865 2419 *Qua
888 2353 968 2407 oious
987 2352 1102 2423 fueitnu
1126 2358 1156 2405 ul
1178 2352 1292 2405 videare
1315 2353 1382 2406 tibi?

691 2438 729 2493 H.
752 2438 868 2492 Parvus
890 2437 985 2491 adnue
1005 2438 1158 2507 primaque
1180 2442 1283 2489 notetus
1303 2437 1438 2508 lanuqine
1461 2440 1553 2492 malas

621 2542 646 2579 is
797 2521 949 2575 Musarum
969 2527 1048 2575 eerto
1069 2522 1184 2575 runnine
1202 2522 1307 2589 plenus
1324 2536 1423 2575 eram:

758 2606 838 2660 Talia
857 2606 991 2660 concinui
1008 2607 1124 2659 iuuenili
1139 2606 1271 2659 earmina
1291 2607 1410 2675 plectro,

794 2690 897 2756 Qualia
912 2691 1049 2759 permulti
1068 2707 1124 2743 non
1145 2696 1265 2759 potuere
1287 2705 1384 2749 senes·

754 2774 836 2829 Inter
859 2781 886 2828 et
903 2775 1030 2843 aquales
1053 2775 1140 2845 oiqui,
1164 2782 1358 2845 quantumque
1378 2776 1525 2841 recordor,

798 2857 898 2913 Indole
919 2873 962 2912 me
985 2872 1066 2912 nemo
1088 2859 1222 2913 liberiore
1239 2858 1306 2929 suit.

689 2941 729 2997 M.
753 2942 815 2997 Iam
837 2944 931 2997 mirrus
952 2943 1095 3009 admiror,
1117 2958 1208 3013 qenus
1229 2944 1283 2998 lroe
1301 2945 1355 2999 sibi
1371 2960 1485 3014 semper
1505 2945 1630 3014 ineptum

637 3092 641 3103 ι
793 3027 937 3082 Promittit
958 3028 1036 3081 nullo
1058 3018 1185 3097 ternpore
1203 3043 1288 3096 posse
1311 3031 1390 3084 mori.

731 3154 733 3163 .
756 3111 816 3167 Sed*
830 3128 885 3166 eur
903 3112 982 3166 nulla
1003 3128 1082 3167 meas
1103 3119 1289 3166 remorantur
1309 3115 1439 3168 earmina
1466 3115 1560 3168 eires?

622 3215 647 3253 so
800 3196 858 3252 Cur
875 3198 959 3251 etlam
978 3203 1056 3252 uates
1072 3198 1184 3267 spiculo
1204 3203 1303 3251 nostra
1317 3205 1439 3273 petunt?

693 3282 731 3338 M.
756 3282 806 3337 Mil
827 3282 907 3337 nolus
927 3288 977 3336 tua
997 3283 1052 3336 tela
1074 3289 1192 3337 nocent:
1214 3282 1295 3351 quill,
1319 3300 1426 3348 auara,
1449 3283 1601 3353 superbis?

795 3366 912 3432 Desine,
936 3368 1003 3421 dum
1021 3374 1113 3436 eoeptu
1136 3372 1242 3420 eteteru
1261 3367 1321 3439 leqe
1338 3383 1452 3438 sequor.

754 3454 832 3508 Pene
847 3466 923 3520 puer
943 3453 1040 3506 uarius
1060 3457 1159 3521 qentes
1180 3457 1207 3504 et
1223 3452 1352 3520 plurima
1375 3452 1431 3506 eidi

567 3551 570 3556 ·
621 3555 646 3591 or
800 3536 927 3606 Oppida,
948 3535 1077 3606 fortuna
1100 3536 1187 3590 oietor
1209 3535 1312 3605 orbique
1332 3538 1439 3590 trucis:

696 3620 698 3623 ’
756 3622 829 3676 Nam
850 3621 920 3675 mini
935 3622 1003 3690 plus
1024 3621 1088 3674 aliis
1108 3621 1188 3674 soeoit
1209 3621 1263 3673 elea
1285 3637 1377 3685 enea,
1398 3635 1450 3675 nee
1472 3637 1598 3690 unquam

792 3705 883 3759 Desii!
901 3706 1025 3776 indiqnis
1044 3706 1196 3775 enaqiture
1215 3706 1314 3760 mollis.

690 3788 729 3842 M.
754 3788 813 3844 Cur
834 3806 890 3843 non
913 3795 941 3844 et
957 3791 1074 3861 qeneris
1095 3790 1178 3843 uelles
1201 3789 1374 3856 meminisse,
1394 3790 1472 3860 quoa
1492 3789 1539 3843 illo

623 3889 647 3926 os
801 3872 913 3927 Clarior
932 3880 960 3927 et
979 3888 1056 3927 mors
1077 3879 1120 3928 est
1142 3880 1169 3927 et
1192 3881 1241 3928 tua
1264 3876 1320 3929 uita
1341 3871 1419 3943 suit?

691 3955 728 4009 H.
754 3957 816 4012 Non
834 3957 925 4025 pudet
944 3957 1074 4028 inqeunis
1095 3958 1167 4013 aeleo
1188 3959 1331 4013 tentatibus
1352 3966 1453 4024 artum,

799 4040 833 4095 Ut
852 4039 960 4110 suerint
979 4043 1079 4110 patrio
1100 4043 1240 4114 sanquine
1263 4043 1399 4098 Francus
1422 4058 1516 4114 eques.

756 4123 813 4180 Seel
834 4124 902 4178 nrilri
920 4127 988 4195 plus
1008 4142 1088 4180 curte
1107 4125 1181 4196 snit,
1203 4133 1234 4182 ut
1253 4130 1421 4199 qenerosior
1441 4142 1529 4182 essem

622 4224 647 4262 os
799 4208 901 4264 Divitis
922 4211 1039 4264 oeternis
1058 4212 1171 4267 dotibus
1191 4213 1306 4283 inqenii.

690 4292 729 4347 M.
755 4294 829 4360 Quid
849 4298 943 4349 tamen
965 4294 1018 4349 liae
1036 4296 1158 4364 prodest
1171 4303 1325 4367 postquam
1348 4311 1400 4350 nos
1417 4298 1472 4351 ista
1494 4305 1621 4351 tenemus

796 4378 897 4434 Omnia
917 4395 969 4434 eeu
986 4378 1061 4449 sorti
1080 4387 1167 4451 capta
1190 4381 1320 4451 tropneea
1336 4388 1443 4435 mann?

639 4476 645 4488 ·
691 4463 728 4517 H.
754 4464 878 4534 Corpus,
902 4482 1008 4530 arara,
1032 4472 1111 4520 tenes
1132 4466 1277 4531 clausum,
1300 4474 1454 4535 teneasque
1471 4465 1633 4534 sepulchro,

623 4563 647 4602 n
798 4548 845 4604 Me
867 4565 930 4605 mea
951 4567 1015 4605 cum
1031 4552 1148 4618 superis
1170 4551 1226 4605 uita
1247 4556 1395 4622 superstes
1414 4550 1506 4606 nabet.

690 4631 729 4687 M.
753 4634 885 4688 Nondum
906 4635 992 4706 eliqua
1010 4635 1081 4688 satis
1102 4637 1165 4690 oitoe
1187 4637 1308 4690 miraela
1329 4643 1466 4706 peraeta,

795 4718 881 4785 Queis
902 4721 946 4774 uel
964 4719 1059 4773 aetnae
1076 4721 1173 4789 possis
1196 4721 1303 4789 uiuere,
1324 4719 1408 4792 foeta
1430 4719 1535 4790 refers.

619 4880 641 4911 ³³
660 4880 732 4945 Diis]
751 4887 768 4930 t.
782 4899 804 4931 e.
817 4883 869 4931 Dis
931 4882 954 4915 ³⁸
972 4884 1044 4933 Solis
1062 4888 1102 4932 ut.
1121 4882 1158 4949 d.]
1178 4889 1195 4934 i.
1208 4901 1232 4934 e.
1251 4883 1385 4935 orientem
1405 4890 1434 4934 et
1452 4881 1635 4934 occidentem.
1689 4881 1711 4914 ⁴²
1729 4883 1849 4948 pretium

552 4969 609 5014 5.6.
680 4964 872 5015 “lanionia
942 4965 1125 5018 ⁵⁷iaela1.2.
1190 4969 1358 5033 ⁵⁸eapta6.
1424 4971 1584 5019 aeteram
1646 4965 1850 5018 “Paenem

551 5049 571 5081 ⁸¹
591 5051 723 5098 Fortuna.
776 5049 799 5082 ²⁰
816 5055 921 5114 tropos
938 5055 998 5102 Μ.
1050 5051 1071 5084 ²¹
1090 5054 1218 5118 sepulcro
1230 5057 1254 5102 5.
1264 5055 1288 5102 6.
