4367 6084
362 754 1560 811 CCCLXXXVI.nsnrae.rnnrunnvrrnuonss.CCCLXXXVII.esnsu.nntirsus.
1581 735 1650 811 441

363 943 485 991 enotare.
529 932 583 989 llac
603 932 704 988 etenim
729 931 836 987 ratione
860 931 932 1003 quod
957 930 1068 985 verbum
1091 930 1250 1004 proprium,
1275 937 1415 992 ornatum,
1440 930 1568 992 sublime.
1592 931 1656 1004 quid

364 1019 487 1099 speciose
510 1017 688 1078 translatum.
712 1034 772 1089 quae
793 1015 937 1071 verborum
960 1016 1061 1087 ligura,
1095 1032 1155 1088 quse
1181 1014 1249 1070 lenis
1271 1023 1299 1070 et
1325 1015 1467 1087 quadrata,
1501 1015 1548 1071 sed
1571 1016 1656 1071 virilis

365 1114 456 1160 tamen
474 1102 642 1175 compositio
666 1102 718 1163 sit,
740 1100 808 1155 band
833 1099 948 1155 obscure
971 1108 1012 1154 cst
1034 1099 1245 1173 deprehendere.
1288 1099 1344 1166 Qua
1368 1100 1394 1155 in
1420 1117 1449 1154 re
1473 1100 1598 1173 quidnam
1621 1101 1657 1156 sit

366 1188 513 1262 agendum,
535 1186 715 1242 llulderiebus
731 1185 875 1245 lluttenus
898 1185 938 1238 vir
958 1202 991 1240 ne
1010 1185 1074 1257 qun
1090 1183 1161 1239 aliud
1177 1184 1276 1245 dicam.
1300 1183 1406 1239 meliori
1423 1184 1521 1256 dignus
1538 1185 1656 1247 fortuna.

342 1274 474 1346 sinsigne
494 1279 576 1344 atque
597 1271 664 1326 adeo
687 1269 817 1325 studiosis
839 1268 965 1324 onudbus
989 1269 1146 1324 imitandum
1163 1269 1256 1324 aedidit
1270 1268 1429 1343 exemplum.
1463 1264 1656 1325 Nullum'enim

367 1358 462 1433 primae
484 1365 558 1412 uotae
577 1365 699 1411 autorem
723 1354 835 1414 evolvit,
857 1355 926 1409 unde
952 1371 1020 1416 uon,
1046 1354 1173 1427 quicquid
1196 1355 1228 1409 ad
1251 1354 1395 1428 parandam
1416 1354 1545 1426 loquendi
1567 1354 1658 1428 supel-

281 1497 288 1502 .
368 1442 485 1498 lectilcm
507 1458 522 1496 e
544 1458 573 1495 re
596 1439 748 1500 videbatur,
772 1439 973 1495 accuratissime
991 1438 1158 1511 decerperet.
1202 1438 1230 1494 ld
1249 1438 1356 1494 consilii
1377 1440 1398 1494 si
1419 1457 1433 1494 a
1453 1439 1591 1513 plerisque
1610 1456 1658 1494 no·

368 1535 433 1583 strae
455 1526 544 1582 aetatis
565 1534 723 1599 caperetur.
747 1524 842 1579 maiori
864 1532 939 1580 certe
963 1531 1018 1578 tum
1046 1522 1186 1596 voluptate
1210 1532 1267 1579 tum
1293 1523 1411 1579 utilitate
1439 1524 1535 1596 optimi
1557 1524 1658 1598 quique

368 1620 479 1667 autores
507 1609 673 1683 legerentur.
728 1609 804 1665 Nacti
833 1609 918 1682 igitur
941 1604 1048 1662 τοῦτον
1072 1594 1124 1661 τὸν
1154 1604 1284 1680 λειμῶνα
1317 1607 1502 1663 solertissimis
1530 1608 1658 1681 loquendi

335 1694 496 1752 rolormulis
518 1712 551 1750 en
572 1694 692 1750 Salustio
713 1702 742 1749 et
759 1693 789 1760 Q.
812 1693 906 1749 Curtio
928 1694 1107 1765 variegatum,
1131 1710 1162 1749 ac
1182 1693 1293 1749 Hutteui
1313 1693 1444 1767 scriptum
1463 1710 1543 1748 manu
1567 1693 1593 1747 in
1610 1710 1659 1767 pu·

368 1780 467 1836 blisum
490 1780 593 1842 redere.
629 1787 731 1852 tuoque
753 1778 856 1833 nomini
880 1778 970 1834 dicare
992 1776 1139 1840 voluimus.
1174 1778 1331 1833 charissime
1352 1777 1434 1845 Mede,
1469 1795 1523 1832 non
1552 1787 1605 1833 tam
1629 1785 1659 1832 ut

369 1864 518 1921 mundioris
538 1863 703 1936 eloquentiae
725 1862 873 1919 candidatis
895 1861 1125 1935 gratilicaremur,
1150 1880 1229 1935 quam
1252 1871 1282 1918 ut
1304 1863 1400 1918 studiis
1424 1863 1478 1917 tuis
1503 1862 1543 1917 vel
1569 1861 1659 1936 aliqua

369 1948 576 2011 consuleretur,
598 1950 641 2004 cui
663 1948 773 2023 quidem
794 1948 882 2002 rarius
904 1955 985 2020 atque
1006 1945 1104 2009 libent,
1130 1956 1205 2003 totos
1227 1956 1336 2004 autores
1358 1956 1433 2004 vacat
1453 1947 1590 2019 relegere.
1614 1964 1661 2002 ne·

314 2037 317 2043 '
370 2034 454 2107 gotiis
483 2032 578 2088 aulicis
600 2033 715 2088 subinde
741 2032 795 2087 alio
827 2041 853 2086 te
881 2030 1062 2088 avocantibus.
1107 2030 1184 2098 Quod
1212 2033 1235 2088 si
1256 2050 1287 2088 ea
1313 2050 1373 2105 quae
1399 2050 1430 2087 ex
1454 2033 1482 2086 T.
1505 2032 1579 2087 Livio
1602 2034 1660 2105 puri

337 2118 511 2191 indiligentia
534 2136 564 2173 ac
586 2117 686 2174 iudicio
707 2117 778 2173 idern
803 2116 937 2171 llutteuus
957 2117 1110 2188 congessit,
1138 2116 1237 2173 babere
1259 2117 1341 2172 llusis
1368 2117 1435 2173 bene
1457 2116 1661 2172 lortuuautibus

370 2202 494 2264 licuerit,
519 2202 611 2257 itidem
634 2202 833 2258 communicare
854 2218 908 2257 non
932 2201 1117 2274 gravabimur,
1142 2202 1224 2257 modo
1247 2202 1367 2260 officium
1391 2202 1443 2257 boc
1462 2209 1584 2256 nostrum
1605 2209 1662 2255 stu-

370 2287 455 2343 diosis
478 2287 547 2343 baud
570 2287 706 2359 ingratum
730 2285 904 2341 senserimus.
928 2285 999 2353 Vale.
1024 2287 1207 2359 Argentorati.
1230 2288 1307 2341 Anno
1330 2293 1404 2347 1528.

344 2460 349 2469 .
437 2419 469 2467 In
489 2418 580 2467 altera
597 2417 708 2467 Florum
729 2418 850 2466 editione
870 2417 992 2466 Salustio
1012 2417 1197 2478 adiecturum,
1227 2433 1286 2481 quae
1311 2418 1413 2483 prodiit
1442 2418 1593 2482 ‘Hnganoae
1613 2433 1662 2482 per

370 2503 467 2552 Ioann.
481 2503 543 2551 Sec.
560 2500 564 2564 Ι
580 2502 630 2551 An.
647 2502 832 2561 mnxxtx,
850 2499 905 2564 180.
924 2501 985 2550 baec
1006 2490 1138 2565 epistula,
1160 2501 1253 2566 (quoni
1271 2502 1380 2553 Miinch.
1395 2502 1441 2551 IV.
1461 2519 1486 2567 p.
1501 2500 1560 2552 583.
1580 2503 1660 2551 muti-

334 2586 424 2635 totam
449 2592 659 2651 corruptamque
684 2585 814 2645 reddidit)
839 2586 960 2649 repetite
984 2601 1038 2634 non
1062 2592 1113 2635 est.
1150 2584 1204 2635 sen
1228 2587 1256 2635 in
1281 2588 1365 2636 tertia
1391 2602 1451 2651 quse
1471 2585 1590 2635 Basileae
1618 2603 1661 2651 ep.

372 2672 467 2721 loann.
486 2671 656 2735 Hervngium
681 2685 705 2718 a.
723 2668 795 2719 1531.
819 2668 855 2718 8⁰.
880 2670 996 2734 prodiit,
1021 2669 1172 2719 secundum
1196 2670 1386 2734 ephemerides
1415 2671 1566 2735 inscriptus
1594 2671 1662 2734 Attp.

372 2758 453 2805 Lr'ter.
473 2757 610 2819 Anzeiper.
630 2755 695 2817 Lpz.
713 2752 787 2802 1800.
806 2754 843 2807 4⁰.
864 2753 916 2803 col.
931 2755 1003 2814 572„
1025 2770 1058 2803 ex
1076 2754 1266 2818 quibus'idem
1285 2753 1396 2804 Miineb.
1408 2755 1457 2803 ›1V.
1477 2772 1502 2820 p.
1517 2754 1575 2804 582.
1595 2756 1664 2804 mire

372 2846 529 2904 corruptum
547 2839 673 2905 repetiit,
693 2839 746 2888 hoe
765 2843 843 2887 extet
860 2839 996 2903 Herrngii
1015 2840 1148 2888 monitum

879 2957 928 3006 AD
947 2955 1157 3006 LECTOREM.

337 3079 363 3118 rs
458 3062 527 3131 Quid
549 3063 576 3118 in
598 3061 747 3118 Antoribus
768 3070 871 3135 praeter
893 3061 1015 3117 historiae
1036 3069 1205 3135 perspectam
1233 3062 1310 3118 tidem
1332 3065 1509 3137 quaerendum
1531 3065 1581 3125 sit.
1605 3083 1666 3121 can·

372 3150 433 3205 dide
455 3149 568 3209 Lector,
591 3147 650 3202 eius
671 3147 808 3220 specimen
833 3155 889 3203 tum
913 3146 939 3201 in
962 3144 1037 3206 eliis,
1068 3152 1125 3201 turn
1154 3146 1206 3202 boc
1229 3164 1283 3202 uuo
1306 3147 1435 3204 Sallustio
1458 3149 1582 3204 dilucidae
1606 3149 1666 3204 bre·

373 3234 464 3289 vitatis
486 3232 632 3294 historico,
655 3230 815 3287 lluldericus
836 3230 970 3287 llnttenns
993 3237 1122 3285 contente
1142 3230 1260 3289 effinxit:
1285 3249 1367 3304 quum
1391 3250 1451 3305 quae
1475 3242 1578 3295 oruata,
1602 3251 1666 3306 pro·

374 3319 448 3391 pria,
475 3335 549 3378 rara.
573 3316 774 3389 compositione
796 3324 824 3371 et
848 3314 1056 3389 eloquutionum
1083 3314 1171 3369 modis
1193 3314 1324 3388 insignia,
1357 3317 1488 3377 enotarit.
1525 3335 1585 3389 quae
1616 3334 1667 3372 nos

374 3403 426 3459 boc
445 3396 570 3476 siguo?
596 3401 628 3455 ad
651 3399 764 3456 alteram
784 3400 944 3462 dictionem,
969 3414 1021 3473 qua
1043 3416 1087 3454 res
1109 3399 1209 3461 beret,
1238 3400 1422 3472 depinximus:
1450 3400 1495 3456 ubi
1519 3418 1582 3457 vero
1603 3418 1668 3456 con·

340 3503 365 3542 ao
376 3486 466 3543 silium
489 3494 638 3548 attentum,
667 3494 715 3541 aut
741 3485 814 3558 quod
843 3502 933 3540 mores
956 3484 1091 3556 vitamque
1114 3483 1252 3539 homiuum
1276 3495 1388 3557 urgunt.
1418 3486 1450 3541 ad
1481 3486 1629 3558 marginem
1657 3496 1668 3554 't
1772 3551 1778 3562 ι

374 3571 430 3642 (sed
453 3571 480 3625 in
503 3572 562 3644 ipso
585 3569 656 3626 libro
674 3571 726 3627 boc
744 3571 851 3643 signum
872 3567 902 3641 “)
926 3567 1075 3643 posuimus.
1112 3567 1168 3624 lloc
1191 3568 1275 3641 igitur
1294 3570 1417 3644 exemplo
1438 3571 1464 3624 in
1482 3570 1589 3626 creteris
1607 3588 1665 3625 ver·

375 3673 434 3711 sare
458 3655 603 3712 autoribus
625 3663 653 3711 et
674 3655 772 3712 mirum
796 3663 926 3728 quantum
950 3654 1071 3715 tructus,
1099 3671 1152 3727 quo
1174 3652 1293 3725 lingnam
1312 3662 1340 3710 et
1362 3672 1452 3711 mores
1471 3654 1569 3727 fingas.
1594 3654 1666 3710 brevi

374 3741 491 3797 accedat.
534 3739 611 3796 Vale!

846 3933 1188 3954 ——a-——w

394 4157 528 4192 nisrcrs.
856 4122 1194 4200 CCCLXXXVII.
1467 4155 1487 4192 ⁵.
1503 4160 1578 4194 scer.
1599 4154 1657 4195 nte

378 4212 581 4224 -ᾳ-κ..

340 4321 366 4361 ³5
643 4296 794 4354 Eblsttvs
817 4298 1060 4354 notnnonnttts
1082 4300 1229 4356 lldllTlNO
1252 4300 1356 4356 LlPSlO
1380 4302 1406 4355 S.

1442 4217 1672 4226 -———-.-

463 4433 497 4489 Ut
519 4434 584 4489 mibi
608 4451 662 4489 nou
685 4439 777 4507 potest
799 4450 854 4488 non
877 4451 937 4489 esse
961 4442 1067 4505 gratum
1092 4435 1129 4488 tui
1159 4435 1278 4508 pectoris
1307 4453 1372 4507 erga
1401 4454 1443 4493 rue
1473 4439 1606 4499 studium.
1635 4439 1671 4493 ita

378 4518 462 4574 nolim
488 4528 513 4573 te
537 4520 609 4575 serio
631 4536 691 4575 cum
716 4518 869 4573 istiusmodi
893 4517 995 4573 rabulis
1023 4518 1189 4581 conflictari,
1219 4536 1268 4574 nec
1296 4520 1353 4593 ipse
1382 4537 1547 4594 magnopere
1576 4522 1671 4577 laboro

378 4603 448 4658 scire
472 4603 536 4676 quid
560 4603 603 4660 uie
625 4611 672 4658 atrt
701 4602 747 4658 ille
776 4601 899 4657 blateret.
945 4601 1072 4676 Expedit,
1108 4603 1211 4677 inquis.
1247 4611 1276 4658 ut
1306 4604 1488 4660 traducantur.
1533 4605 1600 4672 Quid
1629 4606 1672 4661 bic
1758 4619 1762 4633 “

378 4784 613 4834 ccccxxxvn.
657 4784 726 4834 1...t.
751 4803 786 4826 =
808 4785 1004 4851 ErasmiEpp.
1028 4786 1098 4846 (lud.
1118 4784 1185 4834 bibl.
1208 4784 1369 4845 n.53‚‘t..5..)
1442 4785 1465 4849 l)
1485 4803 1510 4851 p.
1530 4785 1670 4836 918...tt·2·2.

377 4870 404 4926 2)
423 4885 449 4933 p.
463 4867 602 4920 consor.
645 4869 671 4922 31
687 4869 749 4918 coll.
764 4867 934 4922 1192...1200,
954 4868 1097 4944 11111131.
1142 4865 1168 4929 1)
1189 4869 1251 4918 coll.
1266 4868 1438 4919 1101..,1113.
1452 4885 1671 4920 unccccuxxrs.

446 5004 456 5034 ⁹
474 5021 497 5053 τ.
516 5021 540 5056 τ.
560 5003 595 5070 t]
615 5005 666 5054 hoe
685 5011 805 5070 protum,
825 5005 885 5054 htec
905 5004 1021 5054 floralis.
1066 5003 1085 5036 ¹¹
1105 5005 1200 5054 Flores
1220 5021 1252 5054 ex
1270 5007 1351 5056 Livio
1370 5022 1423 5055 non
1442 5006 1610 5071 prodierunt.

446 5088 468 5119 ²³
486 5091 622 5140 Martinus
641 5091 753 5155 Lipsius
771 5089 974 5154 Bruxeliensis,
998 5090 1068 5139 Iusti
1086 5091 1177 5154 Lipsii
1196 5096 1310 5155 patruus
1334 5092 1433 5152 maior,
1458 5093 1608 5142 canonicus
1632 5109 1672 5142 re·
