4367 6084
533 729 605 799 294
708 741 908 792 CCCXKXIII:
923 754 1043 790 seoriam
1056 753 1162 789 susam
1176 752 1319 788 nnvsnsvs
1333 751 1507 786 asianorum
1521 749 1655 785 avarsus.

534 917 620 987 drrm,
654 916 743 989 qrrasi
770 913 820 971 bic
840 917 915 971 totus
935 917 990 971 stet
1016 910 1196 970 eluthero.
1239 909 1284 967 An
1311 909 1361 967 hic
1387 923 1607 967 commemorem
1634 922 1725 980 quam
1749 909 1828 967 multi

533 994 709 1090 scripserint
730 1017 760 1073 in
776 1009 962 1073 lutherum?
984 1012 1075 1088 Apud
1087 1012 1180 1071 Italos
1196 1011 1343 1086 Sqluester
1358 1011 1508 1082 Irierias,
1535 1009 1663 1069 Thomas
1682 1008 1826 1080 Todiscus,

533 1118 661 1177 Iacobus
683 1119 721 1176 de
754 1117 824 1187 Via,
859 1116 1035 1184 Catamitus,-
1067 1115 1153 1190 apud
1174 1115 1337 1172 Germanos
1358 1113 1467 1172 Eccius
1487 1119 1517 1171 et
1535 1113 1680 1173 Minor-ita
1709 1112 1828 1184 quidam

480 1219 482 1224 '
533 1219 709 1293 Lipsiensis,
731 1234 836 1276 norrea
860 1215 987 1290 excutit,
1012 1217 1162 1287 Goeleius,
1190 1215 1318 1274 Ioannes
1338 1215 1436 1273 Faber
1454 1222 1483 1273 et
1503 1214 1719 1281 Hochstratus,·
1748 1213 1830 1287 apud

536 1322 638 1380 Gallos
659 1327 718 1378 totu
740 1320 896 1378 academia
919 1320 1118 1388 Parisiorum,
1139 1317 1325 1376 lastinianus
1340 1318 1540 1389 ,iupustinus;
1562 1316 1648 1390 apud
1662 1316 1852 1374 bornaim-⁵

534 1440 580 1482 ses
599 1423 751 1492 latomus,
783 1422 913 1480 Ioannes
945 1420 1166 1491 Turenholtius,
1198 1420 1372 1478 Eustuthius
1401 1419 1621 1489 dominicanus,
1663 1419 1831 1477 Vincentius

535 1525 665 1583 ciusdem
685 1524 816 1588 ordinis:
844 1539 884 1581 eu
911 1525 983 1581 aula
1006 1503 1180 1582 Martianus
1202 1521 1346 1582 Tudensis
1367 1524 1524 1596 episcopus
1545 1527 1574 1580 et
1587 1519 1744 1580 Rimaclus
1763 1520 1830 1580 Cte-

535 1628 653 1684 sarisa
675 1627 812 1692 secretis·
844 1625 929 1699 apud
951 1624 1063 1697 duplos
1085 1641 1144 1682 reso
1173 1626 1249 1698 ipse,
1276 1624 1406 1682 Ioannes
1426 1626 1582 1698 episcopus
1601 1623 1768 1696 Roffensis,
1794 1639 1831 1682 ac

535 1729 638 1786 tertius
665 1727 786 1800 quidam
814 1733 874 1784 tam
903 1729 1122 1798 amarulentus,
1153 1732 1185 1784 ut
1207 1728 1266 1800 ipsi
1283 1726 1412 1785 luthero
1437 1729 1531 1800 possit
1553 1727 1682 1786 medinm
1704 1742 1830 1800 unquem

535 1830 706 1898 ostendere·
734 1830 820 1904 apud
841 1828 991 1902 Hispanos
1019 1826 1143 1886 Stunica
1170 1833 1199 1886 et
1221 1828 1382 1894 Caranum·
1414 1828 1461 1886 his
1486 1828 1565 1886 adde
1592 1828 1704 1908 biellam
1726 1828 1864 1887 leonis¹
1888 1831 1910 1864 ⁴

537 1939 565 1989 et
586 1931 723 1989 adlatum
745 1930 884 1990 Casaris.
920 1933 980 1987 inm
1000 1931 1127 2003 plurimi
1146 1934 1216 1987 sunt
1236 1931 1289 2003 qui
1308 1929 1439 1987 nondum
1467 1929 1637 1988 cediderunt
1662 1947 1734 2000 sua,
1759 1932 1831 2004 plu-

469 2039 536 2090 tttt.
548 2034 618 2091 rimi
637 2034 690 2106 qui
708 2033 840 2090 noudum
861 2032 1061 2103 absolverunt,
1080 2033 1207 2105 plurimi
1225 2047 1297 2103 quos
1318 2047 1373 2103 eqo
1394 2046 1452 2089 non
1475 2034 1550 2089 naui.
1589 2032 1664 2092 Hac
1679 2032 1747 2091 ideo
1761 2040 1833 2091 tan-

539 2141 599 2193 tam
619 2150 771 2206 recenseo,
798 2139 832 2192 ut
852 2134 1001 2193 declarem
1023 2133 1202 2208 hyperbolen
1224 2148 1317 2191 meam
1343 2135 1407 2191 sinc
1428 2150 1522 2192 causa
1544 2136 1666 2193 irrisam
1693 2135 1733 2192 ab
1752 2133 1833 2193 Hul-

537 2242 611 2295 teno.
654 2235 750 2295 Porro
770 2235 1010 2295 lutheranorum
1032 2237 1064 2294 in
1085 2251 1131 2293 mc
1151 2235 1263 2294 libellos
1283 2235 1358 2294 adeo
1379 2251 1439 2294 non
1459 2242 1568 2306 metuo,
1588 2243 1620 2294 ut
1638 2237 1755 2295 doleam
1774 2253 1832 2295 non

534 2337 672 2412 prodisse
693 2343 762 2396 ante
783 2339 855 2396 treis
876 2353 980 2396 annos.
1023 2332 1106 2395 *imo
1127 2336 1201 2394 mihi
1220 2352 1433 2410 nonnunquam
1455 2336 1519 2408 suit
1544 2339 1575 2394 in
1598 2340 1698 2397 animo
1723 2339 1853 2397 sator-s
1897 2375 1910 2382 ·

500 2495 509 2510 ,
537 2457 614 2499 nare
633 2441 813 2514 qnempiam,
848 2442 901 2512 qui
918 2444 1097 2513 provocaret
1117 2437 1177 2496 huo
1198 2441 1326 2512 aliquem
1348 2440 1504 2511 insiqniter
1523 2439 1746 2498 lutheranum:
1780 2456 1834 2499 nec

537 2544 615 2601 enim
634 2543 696 2599 alio
719 2558 768 2598 res
787 2557 834 2599 mc
849 2546 970 2614 poterat
989 2541 1119 2599 liberare
1142 2540 1272 2599 inuidia:
1292 2557 1362 2598 nam
1385 2539 1556 2600 *Huttenus
1578 2541 1654 2601 nihil
1673 2545 1771 2602 minus
1792 2550 1834 2601 cst

537 2659 627 2718 quam
653 2641 854 2715 Luthqranus,
888 2649 917 2700 et
948 2642 1119 2701 huiusmodi
1144 2644 1262 2701 nantas
1284 2642 1415 2701 scribere
1442 2643 1519 2701 nihil
1547 2645 1644 2701 minus
1674 2651 1719 2703 cst
1744 2661 1833 2718 quam

537 2744 684 2812 scribcre;
707 2739 937 2816 *necunquam
958 2749 1017 2801 tam
1041 2746 1119 2802 male
1140 2746 1221 2802 sensi
1244 2743 1282 2802 de
1300 2743 1496 2816 Lutheranis,
1517 2751 1549 2802 ut
1570 2748 1745 2820 suspicarer
1765 2749 1834 2804 illo-

537 2860 605 2903 rum
634 2860 802 2919 quenquam
824 2847 898 2903 tales
925 2846 1136 2921 sycophantias
1158 2848 1189 2904 in
1217 2862 1384 2919 quenquam
1410 2849 1483 2906 uelle
1508 2846 1655 2914 scribere:
1686 2864 1742 2906 nec
1775 2850 1834 2922 ipsi
1841 2858 1894 2899 το

539 2946 669 3006 Luthero
684 2951 759 3020 puto
780 2962 826 3004 me
847 2953 907 3004 tarn
926 2963 989 3006 esse
1010 2950 1149 3019 inrisum,
1182 2954 1214 3005 ut
1234 2950 1322 3006 tolcm
1342 2948 1471 3007 libellum
1492 2950 1522 3006 in
1541 2964 1588 3008 me
1608 2949 1753 3023 scriptum
1775 2966 1835 3023 ap-

471 3053 538 3104 §.rso
548 3048 670 3122 probet·
690 3064 861 3122 quanquam
882 3050 911 3106 si
930 3050 1127 3124 approbaret,
1150 3050 1236 3108 baud
1255 3066 1438 3124 maqnoperc
1454 3066 1648 3109 commobear.
1684 3049 1748 3109 Sed
1764 3050 1835 3110 Me-

539 3153 597 3209 tius
614 3153 731 3211 interim
753 3153 941 3224 conquiesco,
965 3155 1092 3211 intentus
1114 3152 1157 3209 ad
1173 3158 1305 3210 euentum
1326 3151 1408 3223 belli,
1431 3152 1540 3225 dipnus
1559 3153 1612 3226 qai
1630 3152 1783 3211 dilaceror
1801 3152 1835 3211 ab

535 3253 707 3328 perfidiam.
750 3252 786 3312 Si
813 3253 922 3328 diqnus
951 3262 994 3313 est
1021 3255 1099 3312 malo
1126 3255 1179 3328 qui
1202 3255 1263 3312 suis
1288 3253 1440 3312 laboribus
1466 3268 1576 3326 suoque
1600 3260 1720 3328 sumpta
1741 3254 1836 3313 studet

539 3357 658 3428 utrique
674 3356 760 3429 parti
777 3356 934 3431 prodesse,
961 3373 1018 3430 quo
1037 3357 1165 3431 preemio
1183 3356 1292 3430 dianus
1312 3362 1356 3415 cst
1376 3357 1429 3429 qui
1450 3357 1511 3414 suis
1533 3356 1702 3415 tumultibus
1723 3369 1861 3430 suaqueu

538 3459 669 3517 stulticia
693 3463 986 3532 utramquepartem
1013 3458 1111 3529 ladit,
1142 3463 1171 3516 et
1195 3457 1275 3515 banc
1302 3459 1409 3515 iritons
1431 3473 1520 3530 quam
1547 3473 1605 3516 non
1630 3460 1727 3532 possit
1753 3473 1833 3517 com-

538 3577 673 3634 pescere,
695 3566 724 3618 et
740 3561 867 3619 alteram
886 3560 1000 3618 inuidia
1020 3560 1206 3633 depravans,
1231 3561 1287 3618 imo
1302 3561 1477 3632 pravissime
1495 3560 1608 3636 ludens
1625 3575 1692 3618 cam
1712 3562 1764 3618 cui
1778 3559 1833 3631 so-

471 3668 619 3720 §.mmucre
638 3678 669 3719 sc
691 3664 795 3733 iactat,
817 3669 845 3721 et
864 3662 1020 3721 sublevans
1040 3677 1107 3721 earn
1129 3665 1215 3722 arrius
1236 3678 1267 3720 se
1288 3665 1445 3736 profitetur
1468 3657 1597 3720 bostem?
1631 3662 1690 3721 Nec
1712 3664 1834 3727 consisto

540 3766 656 3825 interim
677 3764 804 3836 ociosus,
832 3766 935 3822 atille
956 3763 1078 3836 Metius,
1106 3765 1161 3823 sed
1176 3767 1306 3839 perenni
1327 3764 1423 3823 studio
1445 3780 1505 3838 qua
1530 3765 1600 3822 licet
1619 3778 1683 3822 rem
1704 3780 1834 3837 eoonqe-

538 3870 628 3925 licam
643 3867 784 3940 proveho.
822 3872 958 3939 puqncnt
978 3868 1111 3936 iuuenes,
1134 3883 1189 3939 eqo
1208 3868 1267 3925 iarn
1290 3882 1336 3923 rne
1357 3866 1401 3923 ad
1419 3881 1486 3924 eum
1509 3867 1585 3924 diem
1607 3880 1765 3940 compono,
1787 3870 1861 3941 quio

539 3984 585 4025 me
606 3966 676 4025 hino
700 3967 832 4025 evocabit
852 3967 895 4023 ad
922 3967 1056 4025 tribunal
1078 3967 1200 4038 Christi,
1234 3969 1286 4041 qui
1306 3969 1422 4026 tametsi
1441 3968 1519 4025 nulli
1540 3982 1598 4025 non
1625 3975 1767 4027 uenturas
1787 3975 1834 4041 est,

539 4075 636 4126 tamen
659 4067 733 4126 mihi
750 4083 824 4126 sane
840 4071 950 4142 procul
972 4068 1073 4127 abesse
1093 4086 1152 4129 non
1171 4076 1274 4144 potest.
1324 4069 1415 4127 Video
1435 4070 1554 4143 quantis
1578 4069 1670 4140 odiis,
1698 4074 1835 4145 quantis-

538 4185 594 4243 que
616 4171 755 4228 conoiaiis
780 4186 830 4228 rcs
857 4171 966 4241 aqitur.
1015 4170 1226 4243 difficillimum
1247 4182 1291 4230 est
1315 4174 1393 4229 inter
1419 4171 1485 4230 hac
1508 4178 1607 4230 tenere
1630 4176 1837 4246 tranquillita-

537 4277 593 4329 tem
609 4273 691 4330 illam
708 4273 803 4331 animi
814 4271 977 4331 Christiani
982 4295 994 4343 ,·
1014 4275 1084 4333 dum
1099 4273 1307 4348 paraphrases
1322 4273 1463 4345 meditor,
1481 4275 1573 4332 sentio
1590 4277 1729 4348 componi
1747 4282 1837 4333 motus

537 4374 632 4431 animi
652 4375 724 4443 mei,
752 4391 854 4449 meque
876 4377 984 4450 meipso
1007 4379 1078 4448 fieri
1100 4378 1259 4434 meliorem.
1299 4382 1422 4434 et'sunt
1450 4378 1480 4433 in
1511 4382 1638 4449 utraque
1661 4384 1756 4451 parte
1787 4378 1864 4450 qui²5

538 4477 612 4535 mihi
638 4479 757 4550 qratios
783 4485 890 4551 noant,
920 4481 1091 4553 profitentes
1112 4495 1175 4537 sese
1200 4495 1241 4536 ex
1262 4478 1309 4537 bis
1337 4479 1446 4550 ripiliis
1466 4480 1538 4537 meis
1559 4494 1670 4552 capere
1689 4477 1835 4549 fructum.

468 4583 536 4634 §.tos
546 4577 664 4648 fatetur
683 4586 712 4639 et
728 4580 784 4639 hoc
800 4579 959 4652 Humanas,
980 4581 1143 4655 essequod
1162 4582 1272 4639 maiori
1289 4595 1356 4639 cum
1375 4579 1483 4651 [mictu
1499 4582 1612 4655 possim
1633 4596 1728 4653 apere
1750 4596 1837 4654 quam

603 4717 751 4766 ²Thomas
771 4713 892 4779 'Fodisal
916 4716 1070 4778 Rhadinus,
1096 4716 1297 4765 dominicanus.
1365 4712 1515 4764 ³Iacobus
1536 4715 1568 4763 de
1587 4712 1670 4779 Violi
1699 4715 1837 4765 Thomas?

536 4796 652 4867 ⁴Lips.]
677 4788 847 4866 Augustinus
865 4798 1017 4850 Alveldius.
1089 4797 1179 4864 Goel.]
1199 4801 1257 4849 Ioa.
1278 4798 1436 4862 Cochlaeus,
1456 4815 1510 4849 non
1530 4799 1694 4860 Goelenius,
1721 4806 1752 4849 ut
1771 4798 1839 4849 Stol-

535 4887 594 4934 zius
613 4887 743 4950 opinatus
762 4890 813 4935 ost.
889 4885 948 4934 loa.
968 4883 1070 4950 Faber]
1090 4884 1322 4935 Constantiensis.
1409 4883 1419 4914 ⁹
1442 4881 1552 4949 tertius]
1576 4884 1689 4934 Tbomae
1708 4886 1780 4935 Mori
1799 4902 1838 4934 re·

535 4970 646 5034 sponsio
673 4970 708 5018 sd
732 4969 861 5018 convicia
884 4969 999 5019 Martini
1022 4971 1139 5019 Insthori
1167 4986 1192 5018 a.
1214 4968 1287 5019 1523.
1318 4970 1422 5034 scripto
1446 4968 1577 5017 Guilelmi
1602 4970 1699 5019 Rossoi
1729 4971 1838 5020 nomine

536 5053 613 5101 edita
632 5059 683 5102 ost.
709 5055 778 5102 Eam
798 5052 952 5116 significari
972 5053 1006 5101 ab
1021 5054 1142 5112 ¹,Erasmo
1161 5055 1280 5105 conicio.
1333 5052 1356 5085 ²²
1373 5056 1488 5119 Expost.
1501 5055 1525 5114 §-
1539 5052 1598 5103 210.
