4367 6084
520 772 719 823 cccxxxlu.
742 788 861 823 saouorn
875 789 979 824 caesar
992 789 1137 823 invenere
1151 790 1325 823 serenantes
1339 751 1471 824 uerbosa.
1576 760 1645 831 321

340 945 397 1003 bat
419 947 450 1003 in
474 947 534 1002 alio
555 952 729 1018 arpumealo
752 946 850 1004 trideri
869 949 942 1005 nelle
958 945 1116 1018 festiuum·
1145 947 1229 1004 libuit
1249 962 1393 1004 erereere
1415 944 1536 1006 stilum?
1561 953 1649 1022 pote-

341 1055 410 1117 rat,
433 1048 623 1105 etiamsinon
641 1050 811 1106 strinxisset
831 1050 862 1105 ia
884 1050 1011 1106 amicum
1028 1049 1100 1106 bene
1117 1050 1251 1106 meritum
1276 1055 1305 1104 et
1323 1048 1395 1106 bene
1417 1051 1528 1108 mereri
1547 1067 1646 1124 paro-

342 1158 417 1207 tum.
463 1147 588 1219 uolebat,
617 1156 648 1206 ut
673 1151 716 1207 ait
741 1150 878 1223 quidam,
909 1149 1071 1209 absolutam
1101 1149 1251 1223 quoddam
1281 1152 1454 1223 eloquentiae
1477 1155 1636 1224 specimen,
1650 1156 1718 1205 iou.

344 1253 426 1309 uelut
451 1239 611 1309 κύκνειον
633 1229 724 1328 ἆσμα
755 1254 925 1324 relinquere
950 1254 1095 1326 posteris,
1131 1252 1378 1324 quemadmodum
1400 1253 1503 1310 Cicero
1530 1256 1651 1326 reliquit

322 1347 559 1426 stilippicas?
574 1352 734 1423 delipenda
749 1355 840 1425 ipitar
853 1359 921 1411 erat
935 1356 1062 1412 materia
1078 1370 1146 1426 pira
1158 1369 1216 1427 per
1229 1364 1262 1411 se
1274 1351 1357 1424 soret
1369 1357 1471 1428 ampla
1485 1362 1514 1413 et
1527 1357 1650 1414 ulilitate

346 1469 464 1528 quoque
477 1455 606 1528 posteris
628 1455 905 1522 commendaretar;
927 1471 997 1532 narn
1020 1456 1075 1513 boc
1091 1464 1266 1527 arpumento
1283 1456 1410 1528 pessime
1427 1459 1575 1515 consuluit
1588 1456 1648 1529 sa-

345 1571 403 1613 moe
422 1571 499 1625 sure,
524 1555 575 1612 *si
594 1562 693 1614 tamen
711 1558 762 1614 ille
779 1555 877 1628 samm
895 1559 1040 1615 rationem
1058 1558 1150 1615 erbam
1165 1555 1259 1615 babet.
1305 1556 1448 1614 studebat
1468 1574 1514 1615 me
1535 1550 1636 1617 deler-
1649 1567 1717 1617 §.ons

345 1674 429 1727 rere,
453 1657 666 1716 describerem
687 1659 831 1716 aduersus
854 1653 1040 1717 lutherum?
1062 1660 1147 1730 titani
1160 1674 1217 1716 aon
1238 1660 1301 1716 alia
1317 1661 1433 1717 ratione
1455 1662 1541 1719 citius
1562 1668 1649 1735 pote-

345 1774 414 1816 ram
434 1762 619 1833 praemori·
647 1761 702 1819 sed
721 1760 797 1818 absit
814 1769 845 1817 ut
866 1777 920 1832 epo
941 1762 971 1817 in
995 1766 1054 1817 tam
1078 1761 1177 1817 arduo
1199 1763 1320 1833 aepocio
1343 1763 1500 1834 arcicanum
1517 1765 1562 1820 ael
1578 1779 1648 1820 sas·
1742 1834 1744 1837 .

315 1862 457 1934 recipiam
477 1863 522 1918 ael
543 1862 688 1935 deponam
705 1861 829 1919 Halteni
848 1878 959 1919 carisa:
981 1865 1108 1920 matese
1126 1861 1235 1920 babent
1256 1880 1304 1921 res
1322 1863 1459 1934 lutberi,
1481 1866 1509 1921 si
1528 1864 1571 1921 ad
1596 1865 1648 1922 bos

345 1964 482 2032 triarios,
510 1965 538 2019 si
559 1962 602 2020 ad
620 1963 700 2021 banc
720 1978 841 2021 sacram
863 1978 1005 2021 ancoram
1028 1964 1222 2036 devenerunt,
1252 1970 1284 2021 at
1303 1964 1411 2022 talibus
1429 1965 1534 2023 libellis
1554 1981 1647 2039 opor-

345 2072 406 2122 teat
422 2063 555 2135 desendi.
599 2062 747 2136 Iapuiare
771 2067 861 2122 uoluit
882 2059 1066 2122 Erasmum?
1094 2065 1169 2138 perid
1187 2075 1283 2124 anetem
1305 2066 1465 2124 barbarius
1486 2082 1575 2140 quam
1594 2070 1715 2128 sictone.

344 2183 408 2224 esse
431 2164 571 2237 affectum
592 2169 620 2224 ia
642 2182 708 2223 eum
728 2168 781 2240 qui
801 2183 856 2225 nec
877 2167 1088 2240 suspicabatur
1117 2168 1235 2240 aliquid
1261 2185 1315 2226 nce
1342 2164 1534 2226 merebatur?
1560 2176 1648 2243 atque

346 2269 397 2327 bic
425 2269 502 2325 inter
520 2267 676 2341 Scythicus
704 2283 787 2327 noces
809 2270 933 2342 insipnis
958 2270 1149 2326 immanitatis
1176 2275 1260 2327 testes
1284 2271 1372 2326 tetram
1400 2271 1454 2328 illa
1481 2271 1649 2330 iactabatur

314 2380 337 2421 a
350 2369 427 2428 ‘Hoc
449 2369 546 2428 libello
562 2371 718 2428 coniiciam
738 2370 897 2429 Erasmum
921 2372 951 2429 in
968 2367 1095 2428 lectum’.
1138 2377 1167 2427 et
1183 2373 1322 2442 quoniam
1344 2388 1417 2429 casu
1439 2373 1545 2431 incidit
1562 2389 1646 2431 mor-

349 2471 405 2529 bus
426 2488 466 2528 ex
485 2458 631 2544 percussu
650 2474 736 2544 solis,
763 2470 895 2543 sortasse
923 2489 1003 2530 num
1026 2472 1192 2546 triumpbot
1220 2489 1257 2530 ac
1273 2474 1393 2546 plaudit
1412 2474 1480 2538 sibi.
1529 2475 1634 2533 Verum
1647 2487 1714 2537 §.son

350 2591 388 2631 ne
410 2579 493 2647 putet
515 2590 561 2632 me
580 2580 639 2631 tam
661 2574 773 2631 nullius
794 2592 856 2632 csse
877 2576 986 2646 animi,
1013 2579 1045 2631 at
1068 2577 1155 2648 peius
1183 2558 1312 2648 adrian,
1340 2577 1457 2635 etiamsi
1481 2579 1647 2650 quindecim

348 2677 425 2733 tales·
442 2676 536 2734 libelli
550 2675 722 2734 scribantur
743 2677 773 2732 in
796 2692 849 2733 are.
894 2675 958 2734 Hoc
975 2677 1116 2749 scriptam
1134 2676 1256 2735 Hutleai
1270 2678 1344 2736 mibi
1361 2678 1529 2737 conciliabit
1545 2683 1649 2739 mullos

347 2779 477 2844 amicos,·
504 2793 576 2850 quos
603 2777 642 2834 ab
663 2779 726 2850 ipso
747 2780 786 2835 sit
805 2780 1006 2848 alienaturas,
1032 2784 1061 2836 et
1090 2796 1162 2852 qiros
1183 2782 1409 2855 romiliatamts,
1436 2780 1518 2839 breui
1536 2783 1647 2840 sentiet.

301 2895 486 2951 :romapnum
517 2894 585 2938 vero
610 2881 637 2937 si
660 2881 767 2953 peinais
788 2880 901 2937 stolidis
922 2878 1102 2938 Lutbcranis
1123 2882 1354 2954 applausoribus
1374 2885 1564 2954 prolificatus
1585 2881 1648 2942 est!

344 2995 417 3038 nam
432 2997 473 3038 ex
486 2979 541 3038 boc
556 2982 621 3055 ipso
634 2998 745 3053 pentae
759 2996 871 3055 param
891 2981 980 3040 babet
1001 2983 1119 3052 amicos,
1139 2985 1166 3040 si
1178 2985 1231 3056 qai
1251 2989 1320 3042 sant
1336 2985 1429 3056 paulo
1450 2985 1644 3058 cordatiores,

344 3081 502 3141 babituros
518 3083 732 3157 propemodum
751 3085 920 3156 pauciores.
966 3082 1005 3140 Et
1019 3084 1170 3155 ploriatar
1189 3084 1237 3142 bia
1252 3102 1284 3142 se
1301 3083 1399 3155 fuisse
1419 3085 1635 3158 cbeumsusam
1647 3096 1703 3146 §.su

344 3180 513 3257 oraminibus
534 3184 785 3244 bulberonoram.
831 3180 1017 3257 *liprepiam
1046 3201 1116 3242 aero
1140 3187 1273 3257 pralium
1302 3187 1511 3245 caramanicati
1528 3187 1648 3261 bospitii

344 3285 443 3357 refert
463 3285 533 3344 baio
555 3287 637 3360 arbi,
657 3289 686 3344 ia
707 3304 767 3360 qua
790 3290 842 3360 qod
862 3289 925 3344 ariao
946 3287 1005 3345 iam
1025 3285 1125 3357 ferme
1143 3287 1275 3360 aicardo,
1295 3289 1439 3344 neminem
1457 3290 1525 3345 aooi
1545 3291 1647 3361 quise

301 3388 481 3461 „patiatur
501 3387 563 3447 dici
582 3388 800 3462 Latltcranum,
830 3395 859 3446 et
886 3390 916 3445 in
945 3405 1004 3460 pira
1021 3388 1143 3463 publico
1162 3388 1257 3446 edicto
1279 3396 1398 3446 cautam
1420 3395 1477 3459 est,
1506 3405 1544 3447 ae
1561 3392 1645 3463 quis-

344 3505 434 3562 quam
451 3491 481 3546 in
495 3493 636 3549 concione
653 3492 758 3549 doceat
776 3492 857 3565 quod
871 3491 1046 3548 adrasetur
1066 3491 1234 3562 eaanpelio,
1255 3507 1292 3547 ne
1307 3488 1431 3547 Latberi
1447 3490 1564 3563 quidem
1583 3507 1642 3548 au-

344 3593 462 3649 toritate
480 3590 588 3663 fretas.
632 3588 722 3651 *Iam
745 3610 813 3652 uero
833 3595 930 3652 nascio
951 3609 990 3650 aa
1006 3592 1082 3650 nibil
1100 3592 1287 3649 tribuembnn
1305 3593 1343 3649 sit
1358 3592 1544 3665 perorandum
1556 3592 1713 3658 'sus-*saon

341 3695 469 3768 picioni,
495 3690 548 3766 pru
572 3695 708 3754 dictitant
728 3695 888 3754 lluttcnurn
913 3712 953 3753 ee
977 3696 1073 3767 equite
1092 3693 1209 3764 sacaan
1232 3694 1448 3764 sedentariam,
1478 3692 1648 3751 buiusmodi

345 3795 458 3854 libellos
476 3796 519 3852 ad
543 3805 685 3870 parastum
709 3799 853 3868 scribere,
878 3814 1002 3871 oretaque
1026 3798 1190 3868 perniaum,
1221 3797 1290 3854 ditm
1309 3803 1347 3865 ¹et
1365 3796 1398 3853 bi
1415 3804 1575 3853 nommant
1595 3799 1647 3870 qui

308 3898 516 3961 soconducunt
536 3915 673 3972 aiteram,
694 3906 723 3957 et
744 3901 774 3957 in
793 3915 865 3974 atros
886 3899 1001 3970 scribit,
1027 3901 1157 3973 pecunia
1177 3900 1327 3957 redimunt
1346 3916 1383 3956 ne
1404 3897 1485 3972 qrtod
1503 3901 1644 3973 scriptam

344 4008 387 4058 est
404 3992 545 4058 udatur?
577 3995 726 4060 *Miseret
752 4018 797 4060 me
819 4000 942 4060 liutteni
958 4001 1121 4078 ‘utramlibet
1141 4001 1246 4072 bostis,
1270 4003 1297 4059 si
1321 4001 1380 4058 bna
1402 4003 1481 4060 illius
1498 4001 1712 4073 fortunatus.

344 4102 533 4160 reciderunt:
558 4096 657 4175 *iam,
687 4109 718 4160 at
739 4104 841 4174 audio,
872 4106 1039 4162 neenteraait
1056 4104 1175 4176 almaid
1195 4111 1223 4160 et
1242 4099 1455 4178 typoprapbus.
1501 4103 1562 4161 Sed
1587 4104 1643 4162 dc-

344 4205 408 4261 sino
426 4202 464 4261 de
482 4201 623 4275 Hailano,
653 4206 786 4278 nequid
809 4208 888 4263 ultro
908 4207 1082 4280 spoapiam:
1110 4205 1165 4264 boc
1191 4212 1303 4263 tortium
1327 4207 1409 4263 illum
1431 4208 1509 4264 scire
1535 4209 1597 4264 uolo
1617 4214 1646 4263 el

344 4305 417 4362 mibi
430 4321 493 4363 esse
506 4307 621 4381 stilum,
637 4309 696 4365 nisi
709 4309 876 4367 maluissem
892 4323 987 4367 meam
998 4312 1176 4381 perpetuam
1193 4309 1271 4364 tueri
1282 4308 1535 4376 consuetudinem,
1554 4324 1643 4379 paam

411 4507 549 4573 8ξ.397.]
569 4510 629 4559 Non
652 4525 761 4574 possam
786 4510 821 4559 ab
846 4508 937 4557 auimo
961 4523 1022 4556 meo
1041 4507 1191 4572 impetrare
1216 4511 1245 4554 at
1269 4506 1379 4555 arobmo
1399 4508 1552 4563 blrasmunr,
1581 4521 1641 4554 cam
1711 4557 1717 4569 Ι

343 4592 403 4644 lroeo
422 4594 571 4654 scriberet,
593 4597 744 4645 nescivisse
763 4597 916 4645 Iluttonum
940 4608 994 4643 non
1013 4593 1075 4641 bico
1096 4593 1151 4640 iom
1169 4592 1228 4640 vita
1252 4591 1389 4645 iunctum,
1415 4591 1464 4639 sod
1482 4591 1562 4639 morti
1582 4607 1641 4654 pro·

343 4680 445 4728 ximum
464 4694 536 4729 esso.
582 4677 593 4711 ⁴
611 4671 691 4730 adua.
711 4666 750 4745 ab]
771 4680 904 4730 olorinem
923 4676 1103 4727 cantilenam.
1124 4676 1241 4725 itarital.
1260 4680 1342 4737 epipr.
1363 4676 1438 4729 xlli,
1453 4674 1494 4722 77.
1519 4673 1641 4734 „Dulcia

342 4765 457 4814 ‹lofeote
482 4764 636 4814 modulatur
661 4766 785 4814 carruioa
809 4764 905 4826 lingua
925 4764 1060 4810 Cantator
1083 4774 1186 4824 cycnus
1211 4759 1316 4807 funeris
1341 4759 1399 4823 ipse
1420 4759 1489 4807 sui’'.
1527 4759 1642 4806 Horteni

343 4856 458 4898 mortem
472 4865 525 4899 oon
539 4853 723 4914 compererat,
739 4848 792 4897 >soal
805 4863 889 4912 propo
904 4847 975 4895 diem
990 4851 1150 4894 eventuram
1165 4843 1334 4908 expectabat
1346 4844 1485 4892 Erasmus.
1534 4840 1552 4873 ¹¹
1569 4832 1642 4905 Ἰερά

341 4923 464 4999 ἄγκυρα.
485 4935 654 4998 Diagonion.
667 4935 699 4983 V.
713 4933 754 4981 >0
810 4930 830 4964 Ν
850 4927 909 4995 illa]
929 4932 952 4980 A
972 4945 1089 4994 quonam
1109 4928 1226 4990 audisti,
1247 4929 1381 4977 Eraenre?
1421 4925 1460 4971 ,ἥ
1478 4925 1643 4991 gloriatam?

342 5020 513 5084 Ci.Exposi.
533 5016 698 5080 §§.22.195.
752 5017 774 5049 ²⁷
793 5013 970 5081 quorundam]
990 5031 1058 5063 nreoe
1071 5016 1124 5064 dici
1141 5013 1256 5063 debebat.
1309 5010 1329 5043 ³¹
1349 5010 1642 5077 §.roobctssxposn

341 5105 364 5163 §-
379 5104 439 5153 254.
500 5101 523 5134 ³²
541 5110 573 5176 ut
590 5099 682 5167 audio]
697 5103 849 5152 Erasmice.
902 5100 924 5132 ³³
944 5098 1105 5165 Spotrginm]
1121 5115 1242 5149 crassam
1257 5098 1364 5158 iecisti,
1384 5099 1478 5147 rhetor
1491 5097 1642 5147 Laconico.

401 5190 533 5241 Harenas
553 5188 621 5238 Ore.
642 5204 705 5239 rou.
720 5188 755 5238 11.
789 5224 792 5229 -
1380 5184 1416 5243 Ἡ
