4367 6084
543 692 614 764 168
701 701 832 759 ceolla.
848 724 950 758 annana
966 725 1028 759 nor.
1043 725 1078 760 an
1092 725 1365 761 naacruavmurn
1378 727 1420 760 aa.
1435 728 1460 761 n.
1478 720 1495 761 t.
1509 728 1590 763 rena.
1607 718 1667 761 tara.

541 902 595 938 non
620 883 655 937 ob
678 883 703 937 id
727 882 815 939 selum
840 884 912 957 quod
941 884 1092 941 existimem
1121 883 1234 940 lionoris
1261 885 1314 941 boc
1341 884 1401 941 aliis
1430 885 1522 941 deberi
1557 864 1746 958 magnatibus,
1780 902 1832 940 nou

541 968 666 1028 Erasmo,
689 968 783 1023 lmmili
807 969 893 1023 triadis
917 969 1042 1024 omnibus
1065 970 1244 1029 homunculo,
1268 988 1359 1025 verum
1382 971 1461 1026 etiam
1481 972 1554 1043 quod
1576 972 1633 1026 lunc
1650 970 1739 1026 ollicta
1755 969 1833 1024 lassis

542 1062 588 1107 aut
616 1051 717 1124 alioqui
747 1052 886 1125 occupatis
913 1071 1108 1125 nonnunquam
1138 1054 1326 1127 impedimenta
1356 1063 1419 1110 sunt
1441 1055 1530 1109 verius
1558 1073 1637 1129 quam
1665 1063 1834 1109 ornamenta.

473 1150 531 1199 §.aa
542 1139 594 1193 lam
618 1155 701 1211 porro
725 1138 942 1210 quandoquidem
965 1138 1115 1211 gloriosum
1138 1157 1152 1192 c
1175 1139 1305 1194 courmdia
1334 1140 1446 1195 militem
1473 1157 1555 1212 agere
1583 1140 1668 1212 cmpi,
1697 1139 1764 1212 quid
1787 1138 1834 1193 tibi

541 1239 749 1279 eonunemorem
774 1230 814 1277 tot
836 1222 967 1295 epistolas
990 1223 1104 1278 lionoris
1126 1224 1213 1295 gratia
1236 1223 1277 1278 vel
1305 1225 1339 1280 ab
1367 1225 1479 1280 eruditis
1509 1225 1572 1278 viris
1601 1223 1643 1279 vel
1665 1242 1679 1278 a
1704 1224 1855 1295 magnati-³1

541 1307 605 1366 bus,
629 1325 643 1360 e
666 1305 825 1382 longinquis
848 1308 929 1363 ctiam
951 1308 1109 1380 regionibus
1133 1308 1184 1363 hnc
1207 1307 1316 1370 missas,
1340 1328 1394 1364 non
1412 1309 1470 1365 sine
1486 1311 1614 1365 munere?
1637 1309 1702 1380 quid
1719 1310 1835 1362 releraiu

541 1392 637 1446 doctos
661 1391 797 1452 bomines,
834 1392 964 1464 qnamdam
996 1392 1076 1447 etiam
1104 1392 1236 1463 dignitate
1265 1395 1474 1466 praeminentes,
1508 1395 1560 1449 huc
1587 1410 1643 1449 non
1666 1392 1702 1447 nb
1725 1391 1836 1446 alinde

542 1475 692 1547 longinquo
715 1475 871 1548 prolectam,
895 1494 974 1549 qnam
998 1486 1027 1532 ut
1051 1478 1172 1532 riderent
1194 1476 1351 1533 Erasmum't
1375 1479 1473 1552 quibus
1496 1496 1549 1533 non
1570 1477 1679 1549 ambigo
1701 1477 1768 1549 quin
1785 1493 1836 1530 usu

543 1560 645 1620 seruat,
670 1561 742 1633 (qnod
766 1562 920 1616 tirmcoruur
944 1562 1088 1635 proverbio
1111 1562 1225 1621 dicitur.
1254 1562 1383 1618 tltesanro
1412 1563 1522 1636 sperato
1544 1562 1676 1618 carbones
1700 1569 1836 1633 repertos.

543 1646 595 1700 Sed
618 1644 705 1717 qualis
728 1645 817 1717 qualis
839 1663 891 1718 ego
914 1664 988 1706 smu,
1022 1647 1079 1702 baec
1101 1655 1175 1701 certe
1198 1657 1351 1718 coarguunt
1374 1647 1527 1703 rabularum
1552 1647 1666 1703 istorum
1696 1646 1870 1717 impuden-tt

545 1739 599 1785 terta
622 1730 779 1787 vanitatmu,
804 1730 865 1802 qui,
888 1740 919 1785 ut
942 1731 1051 1792 scribis,
1075 1731 1156 1786 istbie
1179 1731 1311 1787 iactarant
1333 1733 1397 1787 mihi
1421 1750 1553 1804 nusquam
1577 1732 1604 1786 iu
1627 1730 1771 1785 Germania
1795 1739 1837 1784 tn·

546 1824 598 1869 tam
622 1831 682 1869 csse
706 1815 810 1875 sedem:
846 1824 873 1869 et
897 1814 957 1870 itlco
981 1815 1079 1888 opinor
1102 1816 1210 1888 aptotics
1233 1816 1324 1889 aliquo
1347 1834 1389 1872 mc
1417 1818 1544 1878 consero,
1573 1816 1671 1871 solitus
1701 1832 1762 1869 sum
1791 1814 1839 1868 im·

476 1907 655 1973 §.impetrare
679 1898 757 1953 fialam
781 1899 923 1972 publicam.
968 1900 1100 1955 Caeterum
1124 1918 1178 1972 quo
1201 1901 1290 1956 miuus
1312 1902 1411 1957 multas
1433 1901 1515 1956 nrbes
1543 1901 1670 1960 inrisam,
1700 1898 1774 1971 quod
1799 1897 1839 1953 rel

548 1983 628 2038 animi
652 1984 740 2055 gratia
763 1984 886 2040 fecissem
910 2002 1118 2057 ttorrunnquarn.
1143 1985 1247 2040 etiamsi
1270 1987 1302 2041 ad
1327 1986 1350 2040 id
1374 2003 1423 2059 per
1444 1985 1582 2041 laterarios
1604 1984 1714 2041 labores
1727 1983 1842 2038 daretur

549 2068 651 2129 ocium,
676 2076 763 2123 tamen
788 2068 953 2142 hypocausta
976 2069 1173 2143 prohiberent,
1203 2088 1264 2142 qum
1287 2071 1394 2143 quidem
1416 2070 1460 2125 luc
1483 2070 1589 2125 lcrrcnt
1611 2077 1699 2124 totum
1728 2085 1838 2129 annum,
1852 2076 1872 2113 ¹³

549 2153 591 2207 rix
621 2152 708 2207 tribus
742 2154 862 2227 exceptis
891 2153 1041 2214 iriensibus:
1076 2163 1104 2209 et
1134 2153 1224 2210 locum
1251 2172 1331 2227 «quem
1363 2155 1426 2209 milri
1455 2153 1566 2209 basileae
1595 2154 1699 2226 parari,
1735 2170 1841 2207 meemn

550 2237 726 2292 circumferre
749 2255 803 2292 nou
826 2238 898 2294 licet.
935 2239 988 2294 Nec
1011 2239 1062 2294 hoc
1085 2239 1173 2294 miuus
1195 2239 1336 2312 impudens
1352 2239 1518 2294 mendacium
1534 2246 1606 2298 erat,
1630 2255 1685 2310 qno
1700 2254 1744 2292 me
1759 2237 1842 2291 iacta·

550 2322 684 2377 baut-bic.
712 2322 823 2377 Basilum
851 2325 960 2379 alonium
988 2341 1048 2379 csse
1078 2332 1223 2379 mercatum
1252 2332 1279 2379 et
1307 2325 1349 2379 ius
1376 2324 1493 2379 civitatis
1520 2322 1680 2383 redemisse,
1716 2320 1842 2375 videlicet

549 2407 639 2461 istlmc
662 2423 798 2479 uunquam
822 2409 979 2464 rediturum.
1024 2417 1053 2462 ut
1077 2409 1165 2462 onuria
1188 2408 1253 2463 milri
1281 2408 1404 2482 placeant
1435 2408 1461 2463 iu
1484 2407 1640 2468 Germania,
1673 2406 1753 2461 sicuti
1785 2404 1842 2478 pla·

544 2500 606 2547 cant
630 2490 773 2564 pleraque,
796 2502 870 2548 certe
893 2510 1011 2548 resana
1035 2492 1165 2566 propellit
1188 2493 1265 2554 lriuc.
1289 2493 1414 2548 nimirum
1437 2492 1587 2549 communis
1611 2491 1730 2546 omnium
1752 2490 1872 2564 luypo-2⁰

546 2585 701 2632 caustorum
725 2594 804 2637 usus,
829 2595 883 2649 quo
907 2578 936 2631 sat
959 2586 988 2632 ut
1012 2577 1086 2632 solus
1110 2577 1242 2638 habitem,
1266 2596 1296 2634 ac
1319 2595 1367 2632 nee
1390 2577 1458 2633 alios
1480 2576 1560 2632 liceat
1584 2576 1699 2630 invisere
1723 2575 1782 2629 sine
1799 2592 1841 2627 ra·

548 2659 677 2715 lctudinis
701 2678 766 2715 aneae
790 2661 925 2733 periculo,
949 2679 998 2716 nec
1021 2660 1080 2716 aliis
1106 2679 1146 2717 mc
1169 2662 1247 2717 liceat
1271 2663 1386 2718 inrisere
1402 2664 1468 2718 citra
1486 2661 1698 2721 incommodum,
1723 2660 1769 2731 qni
1786 2676 1842 2713 non

480 2745 639 2806 §.nantinus
662 2745 837 2799 ollcudnutur
859 2746 962 2817 lrigore
985 2764 1045 2802 tneo
1069 2765 1148 2819 quam
1173 2766 1225 2818 ego
1248 2746 1357 2801 illorum
1380 2746 1479 2803 calore.
1525 2745 1591 2800 lllud
1615 2762 1706 2800 rerum
1722 2753 1842 2799 estesse

546 2828 657 2884 basileae
681 2829 727 2900 qni
750 2829 814 2883 mibi
837 2830 909 2884 mdes
937 2830 1009 2885 dono
1038 2830 1138 2885 obtulit
1167 2832 1373 2903 quadringentis
1402 2831 1513 2886 llorcuis
1540 2829 1630 2885 aureis
1658 2837 1779 2901 emptas,
1815 2828 1841 2882 in

548 2912 646 2985 quibus
670 2929 740 2967 nuuc
763 2931 873 2976 rcrs0r;
897 2915 942 2969 sed
966 2932 1018 2987 ego
1041 2932 1089 2971 nec
1113 2916 1164 2969 enti
1189 2934 1237 2971 nee
1259 2917 1358 2971 donum
1383 2916 1502 2971 oblatum
1526 2914 1625 2987 accepi.
1669 2914 1704 2968 lle
1732 2914 1841 2968 civitate
1851 2923 1874 2960 ιδ

548 3016 582 3052 ne
605 3015 654 3069 por
677 2998 810 3053 sottmium
834 2999 940 3072 quidem
963 3009 1004 3054 est
1030 3017 1147 3073 unquam
1169 3000 1327 3073 cogitatum.
1373 3001 1480 3073 qnidam
1504 3017 1558 3055 nun
1582 2998 1680 3053 infimae
1709 2997 1842 3052 autorita-

550 3080 583 3137 tis
607 3076 676 3154 apnd
693 3083 816 3154 Turcgos
839 3083 922 3139 semol
946 3093 1027 3157 atque
1050 3084 1148 3139 iterum
1172 3103 1275 3140 triacum
1298 3086 1354 3156 egit
1376 3103 1426 3158 per
1441 3084 1547 3145 literas,
1571 3091 1601 3138 nt
1617 3082 1672 3138 illie
1688 3082 1730 3137 ius
1744 3082 1841 3137 civium

550 3167 714 3240 acciperem;
737 3184 789 3239 ego
811 3169 946 3224 demirans
970 3188 1041 3242 quur
1063 3169 1120 3225 lame
1142 3182 1252 3240 ageret,
1276 3170 1402 3243 respondi
1426 3187 1468 3225 nte
1492 3168 1559 3223 velle
1579 3169 1663 3223 civem
1678 3183 1740 3222 esse
1756 3166 1842 3221 totius

481 3252 656 3313 aannmutt.
687 3269 741 3306 rum
765 3254 846 3308 unius
870 3255 969 3327 oppidi.
1015 3255 1049 3309 lle
1072 3253 1157 3308 Gallia
1180 3254 1315 3315 adeunda.
1350 3255 1423 3327 qamd
1452 3271 1510 3308 cam
1539 3253 1604 3307 milri
1631 3250 1704 3307 velut
1735 3251 1841 3306 unicum

548 3336 653 3411 asylum
675 3355 818 3410 superesse
840 3339 1015 3398 dictitabant,
1050 3356 1104 3393 aon
1129 3339 1239 3393 omniuo
1262 3339 1294 3393 dc
1318 3338 1403 3394 nihilo
1432 3347 1493 3392 nata
1522 3347 1564 3392 est
1592 3336 1695 3391 labala:
1730 3349 1873 3409 persua-ao

549 3441 607 3478 snm
631 3421 760 3477 habebam
785 3424 874 3479 tinum
898 3441 958 3478 esse
980 3442 1088 3479 causam
1111 3423 1198 3478 morbi
1222 3424 1286 3483 mei;
1318 3424 1430 3479 necdum
1454 3421 1638 3477 intellexeram
1668 3420 1722 3474 talo
1750 3420 1841 3474 riuum

548 3508 671 3563 cornutus
694 3525 708 3560 ιι
731 3507 884 3580 burgundia
908 3508 1077 3580 suppeditari
1100 3526 1196 3581 posse;
1220 3516 1247 3562 et
1270 3508 1293 3562 si
1315 3508 1465 3581 potuisset,
1489 3505 1646 3583 ferebantur
1667 3505 1711 3559 bie
1727 3514 1785 3559 tum
1802 3522 1843 3558 ιιι·

549 3592 582 3646 rii
611 3609 751 3652 rinitores,
787 3600 887 3647 metum
915 3593 1068 3647 inlicientes
1103 3609 1137 3647 ue
1166 3609 1219 3646 uon
1249 3610 1370 3648 essemus
1400 3593 1442 3647 lrie
1466 3592 1575 3646 oinuiuo
1599 3590 1684 3645 futuri
1707 3588 1843 3644 bellorum

550 3685 687 3749 exportes:
713 3675 766 3730 talo
789 3676 811 3730 si
835 3677 898 3748 quid
922 3676 1077 3736 accidisset,
1102 3693 1135 3731 ne
1157 3677 1312 3770 Burgundia
1335 3678 1442 3750 quidem
1466 3675 1601 3749 potuisset
1625 3675 1670 3728 siti
1694 3691 1761 3728 meae
1785 3691 1844 3727 suc·

550 3777 669 3815 curffrerc.
715 3778 806 3815 affetum
836 3759 916 3820 illud,
948 3769 977 3814 ut
999 3760 1068 3820 disi,
1098 3778 1179 3831 qttum
1209 3762 1363 3832 ignorarem
1392 3769 1419 3816 et
1443 3778 1566 3815 rtrrnorcs
1589 3758 1743 3814 huiusmodi
1767 3775 1842 3813 sern-
1852 3774 1874 3813 aa

550 3844 643 3916 pulum
661 3844 813 3904 iniicerent,
836 3845 905 3916 cmpi
922 3843 1017 3898 leviter
1032 3845 1065 3898 de
1081 3843 1164 3898 Gallia
1181 3845 1300 3900 aderanda
1316 3846 1453 3919 cogitare,
1477 3862 1537 3917 qum
1554 3843 1594 3899 iel
1610 3842 1728 3898 mediis
1723 3861 1748 3897 ιιι
1765 3842 1844 3899 bellis

481 3935 539 3984 §.51
551 3927 603 3981 tini
632 3928 737 3999 copiam
767 3927 961 3999 suppeditaret.
1007 3928 1061 3983 Hae
1088 3928 1122 3982 de
1150 3946 1180 3983 re
1210 3947 1292 4001 quum
1320 3931 1483 3986 iactationem
1513 3930 1636 3983 iecissem
1664 3928 1735 4000 apud
1763 3928 1793 3981 ll
1815 3927 1843 4002 P.

551 4011 721 4066 lraucisenm
745 4010 977 4084 archiepiscopum
1000 4011 1232 4075 Ebrciluneusem,
1267 4015 1312 4087 qui
1337 4023 1393 4070 tum
1416 4015 1459 4069 hic
1482 4013 1620 4085 legatione
1648 4012 1765 4084 satagens
1795 4028 1845 4065 uos

549 4094 632 4149 semel
655 4104 737 4168 atque
760 4097 858 4150 iterum
883 4096 987 4156 inrisit,
1022 4095 1096 4152 ultro
1120 4095 1260 4169 pollicitus
1283 4107 1325 4154 cst
1349 4099 1394 4154 ille
1417 4117 1446 4154 se
1469 4106 1625 4153 curaturum
1654 4114 1668 4150 a
1699 4114 1765 4168 rege
1793 4112 1844 4150 sna

548 4179 681 4252 diploma,
712 4197 766 4252 quo
791 4180 876 4234 urticas
899 4198 931 4236 co
956 4180 1050 4236 liceret
1073 4181 1222 4254 proficisci,
1252 4184 1275 4237 si
1299 4185 1334 4238 ita
1359 4185 1442 4238 risum
1468 4183 1572 4237 luisset.
1617 4182 1721 4236 ittrenis
1751 4181 1876 4236 huma-tn

550 4264 677 4319 nissimus
700 4265 821 4338 gestiens
843 4283 873 4321 ac
896 4266 946 4320 sibi
970 4265 1126 4338 gratulans,
1150 4268 1220 4339 apud
1244 4286 1363 4323 inensam
1387 4268 1487 4338 regiam
1512 4267 1584 4338 qnod
1600 4265 1710 4321 Basilem
1733 4264 1844 4319 vidisset

550 4348 700 4411 Erasruum.
736 4351 792 4423 egit
815 4351 848 4405 de
871 4351 1036 4425 diplomatc;
1070 4352 1162 4407 aderat
1190 4360 1280 4408 autem
1310 4353 1333 4407 id
1365 4352 1496 4425 temporis
1524 4352 1553 4407 ll.
1576 4352 1604 4405 ll.
1627 4348 1772 4405 cardinalis
1796 4350 1845 4403 lo·

547 4434 702 4507 ttiortngia.
749 4453 792 4490 rea
814 4435 903 4490 ‘lentus
927 4436 1006 4491 etiam
1031 4436 1143 4491 indulsit
1167 4436 1238 4508 quod
1262 4436 1420 4509 petclratut·;
1450 4436 1546 4492 deinde
1569 4435 1615 4490 ubi
1630 4435 1756 4489 Bndaenm
1772 4433 1845 4493 vidit,

596 4692 774 4765 ibracense
793 4693 807 4752 ὁ
827 4696 974 4767 θησαυρὸς
992 4696 1132 4768 πέφηνεν,
1153 4702 1254 4752 Zenob.
1267 4703 1304 4751 Il.
1322 4701 1343 4751 1.
1415 4700 1438 4732 ⁴³
1458 4688 1593 4751 cardinal.
1607 4698 1700 4764 Loca]
1727 4701 1845 4749 Ioannes

547 4787 649 4836 lienuti
667 4786 745 4836 ducis
763 4787 952 4852 liolbnringim
973 4787 1059 4846 tilius,
1081 4803 1098 4836 a
1123 4789 1217 4836 Leone
1230 4788 1263 4836 Χ.
1278 4803 1303 4835 ιι.
1320 4785 1393 4835 1518.
1407 4786 1577 4851 presbyteris
1592 4784 1781 4834 cardinalibus
1800 4784 1845 4832 ud·

547 4872 676 4934 scriptus.
696 4871 738 4919 Cf.
754 4870 885 4922 Ciatoeon.
904 4872 954 4919 111.
969 4889 994 4935 p.
1009 4870 1067 4919 418.
1083 4887 1123 4935 sq.
1193 4869 1335 4936 Bndaenm]
1355 4871 1544 4930 Gtailielmnm‚
1564 4871 1677 4919 summis
1696 4869 1768 4934 apud
1782 4867 1845 4917 Gal·

549 4970 624 5003 orum
638 4970 717 5017 reges
731 4954 901 5003 liudericum
919 4943 1215 5018 maurianensem
1233 4956 1254 5004 I.
1270 4956 1419 5006 bonoribus
1432 4956 1556 5005 functum
1569 4954 1845 5018 eundemqueGraeee

550 5037 706 5101 Latineque
724 5038 911 5088 «lectissimum
929 5038 1037 5100 Ictum,
1056 5044 1151 5087 natum
1169 5040 1286 5089 Parisiis
1304 5056 1329 5090 a.
1346 5039 1432 5101 11111,
1451 5045 1584 5089 mortuum
1603 5039 1622 5099 †
1641 5055 1667 5088 a.
1685 5038 1758 5091 1540.
