4367 6084
562 741 693 797 cccvtt.
709 758 810 792 venantii
825 758 888 793 nor.
903 758 939 792 an
954 757 1066 792 ranerii
1080 756 1225 792 nararsvrr
1239 759 1281 791 nr.
1297 759 1322 791 n.
1338 750 1357 791 t.
1372 758 1452 791 razna.
1469 751 1528 792 nea.
1620 726 1688 795 175

396 934 455 971 sese
478 917 560 972 huius
584 935 687 989 regno:
711 918 768 972 haec
790 917 897 989 aliaque
919 916 1052 990 permulta
1077 924 1140 970 sunt
1164 916 1190 970 in
1206 901 1316 970 illorum
1331 915 1427 971 literis.
1473 916 1508 970 lle
1524 932 1610 988 regno
1626 932 1690 969 nris·

396 1018 474 1074 qnam
505 1001 630 1056 memini:
660 1001 758 1057 alicnhi
787 1002 884 1074 scripsi
916 1003 984 1074 ‘pios
1014 1019 1107 1056 ernrros
1137 999 1235 1072 uhique
1265 1001 1352 1054 lavere
1382 1001 1507 1072 dignitati
1538 999 1688 1072 pontilicis:

395 1086 456 1159 quis
479 1094 570 1140 antem
600 1103 654 1162 non
684 1088 771 1141 faveat
801 1086 859 1141 eiras
881 1086 1007 1157 dignitati
1031 1086 1076 1158 qui
1101 1084 1430 1156 virtutihus‘evangelicis
1452 1085 1588 1139 Christum
1611 1083 1690 1138 nobis

396 1171 606 1243 repraesentent·
629 1180 657 1226 et
679 1171 730 1226 hoc
752 1171 834 1231 addo,
859 1170 967 1242 qiioties
983 1170 1084 1241 aliquid
1103 1169 1193 1223 trilino
1209 1170 1335 1240 dignitati
1352 1169 1495 1241 pontilicis.
1531 1186 1609 1223 nemo
1624 1185 1689 1221 vero

356 1255 484 1319 §nescit
507 1254 610 1327 quilius
629 1255 654 1309 iu
679 1256 760 1311 rebus
783 1256 834 1309 sita
857 1255 893 1308 sit
917 1272 978 1309 vera
999 1254 1117 1327 dignitas
1141 1254 1251 1308 llomaui
1274 1253 1424 1326 pontificis2
1448 1271 1496 1308 nee
1519 1253 1570 1307 hoe
1592 1269 1646 1306 nne
1663 1252 1689 1306 in

395 1339 456 1394 loco
484 1338 650 1394 declaratum
679 1348 722 1394 est
750 1340 776 1393 in
805 1339 1041 1394 luenhrationihus'
1066 1338 1141 1412 ineis:
1187 1337 1243 1409 Ego
1266 1356 1330 1393 vero
1352 1338 1451 1392 doctus
1471 1356 1502 1391 es
1526 1336 1687 1408 evangelicis
1698 1351 1757 1399 §.sq

394 1431 423 1478 et
453 1423 614 1496 apostolicis
642 1423 729 1479 literis
758 1425 839 1479 etiam
868 1423 983 1478 ethnicis
1006 1422 1175 1496 principibus
1198 1422 1299 1495 aliquid
1324 1422 1494 1477 tribuendum
1517 1439 1577 1477 esse
1599 1421 1688 1480 didici,

395 1508 447 1561 nisi
472 1506 559 1580 palam
584 1509 663 1581 impia
688 1507 804 1563 inlreant.
849 1509 881 1563 ad
909 1509 978 1562 lianc
1008 1507 1130 1579 regulam
1159 1506 1260 1561 nullius
1288 1507 1408 1580 episcopi
1438 1507 1598 1579 dignitatem
1626 1522 1690 1560 con·

397 1592 568 1647 temnendam
592 1610 652 1648 esse
674 1610 782 1647 censeo.
827 1611 861 1647 au
889 1610 944 1647 non
972 1592 1082 1665 impium
1111 1600 1153 1645 est
1181 1600 1355 1646 contemnere
1385 1591 1485 1646 honum
1514 1591 1690 1664 episcopum?

356 1676 448 1730 neSed
472 1677 624 1750 depingunt
648 1695 726 1750 quem
750 1676 834 1732 veiint
856 1677 1000 1731 contemni.
1046 1676 1078 1730 Et
1101 1677 1162 1748 quis
1185 1684 1240 1737 est,
1270 1677 1410 1749 inquiunt,
1441 1677 1577 1730 Romanus
1600 1675 1690 1748 ponti·

398 1761 454 1822 lex,
479 1779 512 1814 an
535 1779 589 1816 iton
612 1770 725 1816 exustor
747 1761 892 1833 evangelii,
921 1761 1046 1815 inimicus
1068 1760 1126 1821 dei,
1156 1761 1285 1815 seductor
1307 1761 1392 1815 totius
1408 1760 1553 1815 Christiani
1576 1759 1690 1832 populi?

397 1846 425 1899 Si
448 1846 482 1899 de
504 1845 552 1899 tali
575 1845 702 1919 pontifice
725 1846 889 1919 loquuntur,
913 1864 927 1900 a
950 1864 992 1901 me
1015 1844 1107 1900 nullus
1130 1862 1247 1917 unquam
1270 1845 1401 1918 probatus
1417 1853 1466 1900 est.
1512 1853 1539 1899 et
1562 1851 1651 1898 tamen
1668 1844 1689 1897 si

398 1930 460 2003 quis
484 1928 545 1984 talis
567 1939 653 1991 esset,
677 1948 732 1986 non
754 1939 797 1986 est
819 1948 908 2006 areum
931 1929 993 1984 illos
1015 1930 1048 1984 de
1071 1928 1142 1984 solio
1165 1930 1349 2002 praecipitare:
1374 1929 1436 1984 vivit
1458 1930 1544 1984 adhuc
1567 1928 1690 1994 Christus

397 2023 424 2069 et
447 2014 528 2069 hahet
551 2015 578 2068 in
601 2031 681 2070 manu
704 2015 840 2087 llogellum
862 2014 961 2087 quihus
984 2014 1051 2069 tales
1074 2013 1200 2069 exturbet
1222 2031 1237 2068 e
1261 2013 1383 2087 templo.
1416 2013 1468 2069 Sed
1489 2031 1544 2069 non
1560 2021 1602 2067 est
1618 2029 1759 2086 spesque,

363 2099 541 2171 tsinqninnt‚
571 2108 750 2171 sequnturnm
782 2099 920 2154 meliorem
942 2099 1040 2153 Leone.
1084 2098 1202 2153 Primum
1232 2116 1283 2170 ego
1313 2115 1366 2153 non
1395 2116 1454 2153 snm
1478 2099 1556 2154 iudex
1577 2097 1690 2152 Leonis:

401 2183 483 2238 hahet
506 2183 551 2237 ille
574 2201 652 2239 suum
676 2185 788 2239 iudicem
811 2184 853 2239 cni
878 2192 931 2241 stat
954 2192 1000 2238 ant
1022 2183 1110 2247 cadit:
1131 2183 1154 2236 si
1177 2193 1375 2256 praecesserunt
1392 2190 1432 2237 tot
1449 2183 1525 2244 horn,
1550 2200 1621 2255 quur
1636 2198 1691 2236 nou

399 2275 441 2322 est
471 2285 534 2340 spes
563 2267 679 2341 aliquem
708 2285 790 2342 posse
821 2269 898 2340 sequi
926 2268 1024 2341 priscis
1048 2267 1102 2321 illis
1125 2267 1291 2322 adsimilem?
1325 2285 1385 2322 nam
1408 2267 1440 2322 de
1464 2268 1514 2322 hoc
1537 2267 1603 2321 nihil
1627 2284 1691 2339 pro·

399 2353 513 2412 nrrucio,
541 2369 575 2407 ne
603 2353 645 2408 cui
677 2353 768 2408 videar
790 2353 931 2407 assentari.
976 2352 1099 2406 Christus
1124 2352 1180 2425 ipse
1203 2352 1384 2425 perimpium
1407 2352 1562 2425 pontificem
1586 2351 1691 2405 adinra-

401 2445 444 2490 tus
468 2437 608 2510 respoudit
631 2454 680 2493 nec
702 2454 818 2510 prorsus
842 2437 955 2492 obticuit
979 2454 992 2491 a
1015 2436 1103 2491 Pilato
1127 2436 1216 2491 iussus
1239 2435 1329 2510 loqui;
1352 2436 1451 2491 Paulns
1474 2436 1611 2509 utromodo
1634 2436 1691 2506 agit

367 2534 507 2576 eoeausam
530 2522 599 2594 apud
622 2521 744 2583 destruit,
768 2522 883 2576 Felicem
904 2529 931 2576 et
953 2518 1114 2595 Agrippam,
1139 2520 1262 2576 videlieet
1283 2520 1402 2594 appellat
1425 2529 1569 2594 tyrannos,
1593 2521 1692 2575 manci-

401 2606 442 2679 pia
465 2605 581 2667 diaboli,
605 2624 698 2662 servos
721 2607 837 2680 peccati,
862 2607 955 2661 hostes
977 2606 1033 2665 dei.
1058 2623 1120 2661 mox
1142 2606 1252 2660 aeternis
1275 2606 1383 2677 ignihus
1406 2606 1584 2661 addicendos?
1617 2605 1692 2659 Nunc

400 2691 457 2745 ride
480 2690 545 2762 qnid
569 2691 613 2745 isti
636 2691 827 2763 responderint
849 2690 1005 2745 civilitatem
1029 2707 1114 2745 meam
1138 2690 1336 2745 excusantibus.
1382 2690 1438 2752 Sic,
1463 2691 1565 2763 inquit,
1588 2690 1690 2744 diceret

400 2773 540 2834 Erasmus,
570 2775 753 2831 Antichristus
775 2794 818 2836 es,
849 2792 931 2848 papa;
961 2775 1118 2830 seductores
1141 2776 1220 2836 estis,
1250 2775 1385 2848 episcopi:
1409 2775 1525 2830 llomana
1549 2775 1626 2829 sedes
1650 2791 1692 2825 re·

400 2869 455 2914 stra
477 2859 666 2915 abominabilis
689 2868 731 2915 est
753 2861 816 2921 ileo,
847 2859 953 2932 aliaque
984 2859 1010 2913 in
1039 2859 1106 2913 hanc
1134 2860 1295 2914 seutentiam
1313 2859 1408 2914 ‘nrrrlta
1438 2860 1480 2913 his
1507 2860 1586 2914 etiarn
1616 2859 1691 2914 oilio·

368 2945 480 2998 aasiora.
524 2943 583 2998 Non
611 2944 728 3018 probant
751 2944 853 2999 Erasini
879 2944 1049 3005 civilitatem,
1079 2943 1131 2997 nisi
1160 2945 1235 3016 prius
1262 2944 1319 2999 haec
1346 2945 1467 3016 praelati.
1491 2952 1545 2999 tam
1569 2943 1762 3005 videlicettne.

399 3028 561 3101 evangelice.
606 3029 724 3084 Primum
746 3028 812 3084 illud
837 3046 955 3101 quamm
978 3046 1010 3083 ex
1033 3046 1092 3082 meo
1118 3028 1217 3089 iudice.
1247 3046 1280 3083 an
1309 3037 1386 3100 putet
1415 3047 1507 3101 aequas
1535 3026 1689 3084 huiusmodi

399 3112 473 3185 leges
497 3130 565 3185 quas
587 3113 653 3168 milri
675 3113 843 3186 praescrihit:
866 3113 962 3168 deinde
985 3130 1018 3167 an
1042 3120 1119 3185 putet
1142 3112 1223 3167 utiles
1247 3113 1361 3184 negocio
1376 3112 1540 3168 Lutherauo.
1585 3113 1612 3166 Si
1634 3113 1691 3167 nac

399 3198 546 3252 serilrerem
569 3198 596 3251 in
619 3197 705 3253 honos
729 3197 885 3270 pontifices,
909 3215 999 3252 norme
1023 3197 1113 3252 videm
1135 3196 1266 3251 iniurius?
1297 3197 1319 3250 si
1343 3197 1369 3249 in
1393 3196 1477 3251 rnalos
1493 3198 1531 3252 sic
1546 3197 1691 3251 debaecha-

399 3300 456 3342 rer‚
493 3282 557 3359 quid
581 3281 652 3337 aliud
676 3299 755 3355 quam
779 3283 913 3337 irritarem
936 3281 1082 3336 crahrones
1107 3281 1133 3333 in
1157 3298 1244 3335 ureiun
1267 3280 1468 3353 multorumque
1491 3279 1608 3334 malum?
1641 3280 1759 3338 Sir-§.sn

369 3375 492 3439 operest
520 3366 606 3421 adhue
633 3384 716 3421 rmum
745 3367 845 3421 crimen
876 3367 995 3422 omnium
1023 3364 1183 3419 maximum:
1213 3365 1238 3418 in
1261 3364 1421 3436 Paraplrrasi
1444 3382 1499 3435 qna
1518 3363 1623 3437 explico
1646 3381 1693 3418 uo·

398 3468 461 3505 num
484 3459 567 3523 caput
589 3450 706 3524 apostoli
722 3450 796 3506 Pauli
820 3451 851 3505 ad
869 3451 1016 3510 llonramos,
1041 3449 1132 3503 tribuo
1151 3449 1288 3503 minimum
1312 3447 1437 3521 quiddam
1462 3448 1547 3503 lihero
1570 3447 1692 3509 arbitrio,

398 3535 522 3590 videlicet
550 3543 682 3608 sequutus
706 3536 848 3607 Origeuem
878 3545 906 3591 et
936 3533 1137 3607 llieronymnm.
1182 3533 1318 3606 Principio
1348 3550 1430 3605 quum
1452 3532 1627 3605 Paraphrasis
1657 3532 1693 3585 sit

397 3620 585 3675 commentarii
608 3637 708 3693 gertus.
739 3638 821 3693 quum
849 3619 978 3693 profitear
1007 3637 1048 3674 me
1073 3619 1098 3673 in
1122 3618 1260 3692 plerisque
1283 3618 1359 3691 sequi
1383 3617 1514 3690 probatos
1536 3635 1567 3671 ae
1589 3617 1694 3689 priscos

398 3705 579 3777 interpretes,
610 3705 674 3777 qnid
701 3705 846 3763 admissum
875 3713 918 3759 est
940 3704 1038 3777 piaculi
1062 3703 1084 3756 si
1108 3721 1210 3775 sequor
1227 3702 1324 3771 alicubi
1347 3697 1490 3774 Origedem
1513 3710 1541 3757 ct
1564 3701 1693 3772 llierony·

359 3797 487 3848 martiam.
516 3797 626 3843 autores
656 3797 686 3844 ut
708 3788 828 3845 arbitror
850 3790 875 3843 iu
899 3789 983 3844 sacris
1005 3787 1092 3842 literis
1116 3806 1169 3842 non
1192 3788 1392 3862 aspernandos?
1428 3791 1516 3861 Atque
1545 3786 1569 3840 id
1592 3787 1692 3840 lactum

398 3883 440 3928 est
463 3881 526 3928 ante
550 3891 629 3946 equam
651 3874 786 3928 lutherus
810 3873 974 3946 prodidisset
996 3873 1095 3943 dogma
1118 3891 1211 3934 snum,
1241 3873 1297 3928 sive
1320 3871 1534 3933 Wicleviticnm,
1565 3870 1692 3944 quicquid

345 3973 354 3979 ·
398 3959 512 4013 iacimus
544 3959 599 4012 sive
629 3957 691 4013 honi
722 3958 777 4012 sire
805 3957 867 4012 rrirrli
895 3975 954 4012 esse
983 3958 1153 4013 necessitatis
1175 3957 1323 4013 absolutae:
1352 3975 1413 4013 nam
1437 3976 1496 4012 mea
1517 3955 1692 4029 paraphrasis

397 4059 496 4097 excusa
527 4051 569 4096 est
591 4042 699 4098 Loranii
729 4059 800 4096 anno
830 4041 973 4097 millesimo
1002 4042 1221 4115 quingentesimo
1249 4043 1506 4116 decimoseptimo,
1537 4049 1565 4096 et
1588 4040 1692 4113 aliquot

398 4127 538 4181 mensibus
567 4135 625 4181 crat
648 4127 800 4199 hotvcrpiae
829 4127 928 4198 scripta
959 4127 1034 4199 prins
1063 4144 1143 4199 qnam
1167 4127 1353 4182 excuderetur.
1398 4136 1479 4200 atque
1502 4127 1611 4182 interim
1634 4126 1693 4198 qui·

356 4212 458 4266 coelam
482 4209 636 4284 appellatur
658 4218 734 4265 totns
757 4210 939 4272 Erasmiamn,
971 4211 1042 4283 quod
1072 4211 1105 4265 dc
1134 4210 1220 4265 lihero
1244 4212 1358 4266 arliitrio
1381 4229 1484 4267 mecum
1507 4212 1607 4266 sentiat
1629 4219 1693 4264 eta

400 4295 520 4350 hothero
542 4295 701 4350 dissentiat:
725 4295 770 4349 sed
795 4303 883 4350 tamen
906 4295 968 4350 huic
990 4296 1070 4349 datur
1091 4294 1183 4355 sertia,
1214 4296 1285 4367 qnod
1310 4296 1412 4349 iuvenis
1435 4295 1513 4349 houm
1537 4295 1593 4368 spei
1617 4294 1691 4348 lueri

398 4380 435 4433 sit
457 4379 537 4434 aliter
559 4397 697 4434 sensurus.
742 4378 789 4434 llic
812 4396 907 4433 rursus
929 4377 1037 4451 appello
1060 4396 1148 4435 merim
1171 4396 1278 4452 aequum
1302 4379 1429 4439 indicem,
1454 4395 1536 4450 equum
1559 4379 1610 4432 hoe
1626 4378 1761 4434 seri-§.es

399 4463 500 4536 pserim
524 4472 586 4517 ante
609 4464 744 4536 proditum
760 4463 872 4517 Lutheri
894 4463 1006 4532 (limma,
1030 4479 1113 4535 quum
1137 4464 1206 4518 idem
1230 4463 1348 4517 sentiant
1371 4480 1464 4517 omnes
1489 4461 1611 4532 theologi
1635 4470 1692 4515 tum

400 4556 506 4603 veteres
522 4556 578 4602 tum
595 4557 731 4607 recentes,
756 4547 900 4619 Origenes,
924 4545 1119 4618 Hieronymus
1143 4547 1367 4619 chrysostomus,
1391 4545 1523 4606 llilarius,
1546 4544 1691 4604 Arnolrins,

362 4633 514 4692 resectus,
549 4631 679 4693 Thomas,
708 4648 757 4686 cur
785 4648 837 4703 ego
867 4629 938 4685 velut
961 4639 1042 4684 autor
1063 4629 1143 4684 liuius
1166 4630 1309 4684 sententia
1331 4647 1414 4684 vocor
1437 4630 1462 4683 in
1487 4630 1543 4689 ius,
1572 4636 1599 4682 et
1623 4645 1694 4701 quau
1723 4677 1729 4686 .

401 4717 445 4788 qui
467 4716 595 4771 dissentit
617 4734 632 4770 a
654 4716 788 4776 liuthero,
812 4721 923 4770 vocatur
945 4713 1116 4768 Erasruianns
1140 4714 1232 4786 potius
1255 4731 1334 4785 quam
1358 4713 1510 4767 llilarianus
1533 4722 1578 4767 ant
1601 4713 1694 4767 lliero·

401 4801 557 4872 nymianus,
588 4800 740 4873 presertim
769 4817 851 4872 quum
874 4816 932 4854 cant
955 4798 1135 4870 questionem
1159 4814 1213 4851 non
1237 4798 1401 4869 susceperim
1425 4799 1641 4869 pertractandam
1665 4798 1690 4850 in

401 4884 560 4957 Paraphrasi
589 4884 635 4937 sed
664 4883 753 4938 obiter
780 4883 971 4944 transilierim,
1000 4881 1225 4954 quemadmodum
1259 4881 1323 4935 lecit
1347 4882 1403 4954 ipse
1426 4881 1540 4944 l‘aulus,
1569 4882 1614 4955 qui
1638 4898 1692 4936 nori

401 4967 530 5039 dignatur
545 4967 600 5022 illic
615 4956 781 5040 respondere
798 4967 984 5040 percontatori
1003 4964 1135 5038 improbo.
1165 4973 1192 5020 et
1209 4974 1296 5020 tamen
1313 4966 1385 5025 ride.
1404 4965 1502 5025 lector,
1527 4976 1629 5038 quanto
1645 4967 1694 5020 mi·

371 5066 454 5107 arnus
477 5052 542 5107 illic
557 5052 673 5109 tribuam
689 5050 775 5105 lihero
791 5052 905 5107 arhitrio
922 5070 1000 5123 qoam
1018 5051 1138 5104 trilmaut
1155 5049 1194 5104 vel
1211 5058 1315 5105 veteres
1331 5050 1371 5103 vel
1388 5051 1569 5106 recentiorum
1585 5049 1693 5107 sclrolae.
