4367 6084
530 714 604 786 470
646 730 813 780 cccxclx.
828 745 912 780 11111.
927 747 1027 780 narsei
1041 745 1214 782 1111111111(
1228 746 1264 782 an
1278 747 1360 782 1111.
1374 746 1496 782 nornen.
1505 748 1551 805 111.
1564 746 1645 781 ianae
1658 707 1746 781 1111.
1765 738 1818 778 itte.
1869 732 1873 746 '

530 906 627 961 rietate
649 921 728 960 casus
751 905 854 960 alienos
877 906 935 960 sine
957 903 1053 961 dolore
1077 905 1186 960 intueri.
1231 906 1265 960 lt
1293 923 1357 962 vero
1385 923 1447 962 curn
1470 905 1581 962 illorum
1602 904 1743 979 praecipue
1764 906 1820 966 vita,

531 989 577 1064 qui
600 988 758 1063 reipublicae
781 997 916 1062 praesunt,
940 988 1076 1045 variabilis
1099 990 1228 1046 Fortunae
1251 989 1313 1045 telis
1342 991 1484 1065 proposita
1512 990 1563 1052 sit,
1597 997 1726 1062 quantam
1755 1006 1821 1062 saepe

531 1074 632 1131 habent
654 1074 786 1148 ancipites
808 1075 906 1129 horum
929 1075 1093 1130 mutationes
1116 1076 1345 1148 expectationem,
1369 1094 1459 1149 spem.
1483 1075 1626 1131 timorem?
1649 1073 1763 1140 Quoties
1783 1075 1818 1128 in·

531 1177 596 1215 anes
619 1159 776 1214 dulicorum
798 1160 990 1215 contentiones
1013 1160 1040 1214 in
1063 1161 1152 1215 medio
1176 1160 1252 1232 quasi
1274 1177 1357 1216 cursu
1379 1177 1523 1220 corruere,
1553 1168 1582 1214 et
1610 1176 1643 1215 ex
1671 1157 1770 1214 laetieia
1790 1159 1818 1212 ad

532 1243 634 1299 luctum
658 1244 763 1305 subito,
793 1261 847 1298 nou
871 1244 930 1299 sine
951 1245 1023 1299 varia
1046 1245 1199 1299 animorum
1222 1245 1363 1301 affectione
1386 1244 1471 1300 relabi
1499 1244 1639 1299 videmus?
1671 1242 1737 1310 Quae
1764 1252 1838 1298 curnl

531 1330 653 1401 dgnatus
676 1336 740 1384 tuus
762 1328 903 1400 eleganter
924 1330 976 1384 hoc
999 1329 1025 1382 ia
1050 1327 1161 1401 llialogo
1185 1337 1379 1403 persequatur,
1410 1329 1458 1384 tibi
1480 1328 1644 1402 caeterisque
1673 1327 1739 1383 viris
1765 1344 1821 1383 eru-

530 1414 596 1468 ditis
618 1391 805 1485 graiam'aius
829 1413 887 1468 lore
910 1412 1054 1469 lectionem
1085 1431 1138 1468 uon
1167 1413 1271 1469 dubito.
1315 1414 1407 1487 Neque
1436 1415 1525 1486 inesse
1554 1413 1598 1468 hic
1625 1412 1720 1472 rideo.
1755 1413 1820 1484 quod

531 1497 628 1554 nialanr
652 1499 679 1552 in
702 1507 807 1571 partem
829 1498 950 1571 accipere
974 1497 1072 1553 merito
1096 1499 1157 1571 quis
1181 1499 1283 1571 possit,
1318 1516 1378 1554 curn
1407 1506 1434 1553 et
1463 1497 1565 1553 nullius
1594 1497 1638 1552 hic
1667 1496 1820 1552 nominatim

533 1583 596 1637 vitia
619 1599 742 1637 moresve
766 1582 1013 1655 reprehendantur,
1036 1591 1065 1637 et
1087 1583 1239 1638 iamdudum
1263 1584 1310 1656 iqui
1334 1583 1387 1638 illis
1405 1582 1586 1656 temporibus,
1609 1600 1671 1636 euni
1689 1581 1820 1636 111111111-

532 1667 676 1728 bereutur,
699 1667 887 1738 magistratum
910 1668 1055 1739 gerebant,
1084 1668 1138 1722 vita
1161 1667 1216 1722 sint
1237 1668 1367 1724 defuncti.
1411 1667 1474 1723 Earn
1496 1675 1586 1722 autem
1611 1683 1672 1722 esse
1696 1665 1757 1721 ritae
1778 1672 1846 1720 auh

531 1752 591 1808 licre
614 1751 811 1812 conditionem,
846 1769 926 1824 quam
956 1750 1066 1807 libellus
1094 1752 1138 1807 hic
1167 1752 1247 1807 nobis
1275 1760 1336 1811 aute
1366 1752 1461 1808 oculos
1490 1752 1635 1825 proponit,
1667 1750 1763 1806 nescio
1789 1767 1819 1804 an

532 1837 675 1910 qiiisquam
698 1853 780 1891 santis
803 1836 914 1891 inliciari
937 1837 1034 1910 possit.
1078 1836 1144 1891 Nam
1167 1854 1228 1893 cunr
1251 1837 1273 1891 is
1296 1837 1436 1892 hominum
1459 1836 1495 1892 sit
1517 1844 1628 1909 eaptus,
1658 1842 1691 1889 ut
1713 1834 1820 1909 imperio

532 1921 728 1995 prosperisque
751 1920 831 1975 rebus
855 1920 1015 1994 plaerunque
1038 1921 1229 1983 immutentur,
1254 1922 1418 1994 fastidioque
1441 1922 1499 1976 lere
1521 1929 1548 1976 et
1570 1919 1700 1994 snperbia
1715 1920 1822 1974 ellerau·

534 2012 592 2066 tur,
617 2005 646 2060 lit
669 2023 756 2078 saepe,
780 2013 811 2060 ut
834 2005 872 2060 illi
896 2006 991 2068 etiam,
1016 2006 1061 2078 qui
1084 2006 1233 2061 commodis
1256 2014 1333 2061 antea
1358 2008 1468 2061 luerunt
1492 2005 1628 2067 ruoribuS,
1652 2020 1822 2076 corrumpan-

533 2099 592 2151 tur,
622 2098 650 2145 ct
678 2097 724 2144 aut
754 2088 901 2146 ambitione
930 2098 1012 2164 atque
1040 2090 1175 2145 honorum
1203 2091 1351 2146 certamine
1379 2091 1420 2146 ad.
1438 2108 1483 2146 res
1506 2089 1619 2144 iniustas
1642 2088 1846 2162 impellanturtl

532 2183 578 2229 aut
600 2174 757 2248 corruptela
780 2192 869 2247 pravae
892 2175 1099 2230 consuetudinis
1123 2176 1149 2229 in
1172 2175 1299 2248 peccandi
1323 2175 1479 2236 illecebras,
1512 2182 1639 2247 tanquam
1661 2173 1690 2227 iu
1714 2180 1819 2246 opertos

533 2258 662 2333 scopulos
684 2258 766 2314 ablati
791 2259 851 2314 vitae
875 2277 905 2315 ac
929 2260 1100 2314 fortunarum
1123 2277 1233 2315 suarum
1258 2260 1356 2315 saciant
1378 2259 1526 2331 naufragia.
1565 2260 1598 2313 ht
1621 2257 1731 2330 quoties
1753 2255 1822 2311 nulla

532 2361 619 2417 neque
642 2343 774 2417 sapientia
798 2362 886 2417 neque
908 2344 1050 2417 prudentia
1067 2345 1216 2399 instructos
1231 2345 1396 2400 Phaetontes
1411 2346 1488 2399 dulae
1504 2360 1564 2398 sese
1580 2343 1729 2398 obtrudere
1744 2350 1819 2413 atque

532 2429 564 2484 ad
588 2427 782 2502 rempublicam
811 2430 957 2500 gerendam
986 2429 1073 2484 nudos
1097 2428 1176 2502 plane
1198 2429 1325 2484 accedere
1348 2429 1476 2483 ridemus.
1523 2428 1568 2482 llis
1595 2444 1660 2481 1111
1691 2432 1821 2499 potestate

532 2512 611 2569 elatis
634 2512 698 2585 quid
722 2512 921 2568 intolerabilius
944 2530 1004 2568 esse
1028 2512 1133 2587 possit?
1166 2513 1201 2568 lle
1229 2514 1348 2568 nationis
1376 2532 1405 2568 ac
1434 2512 1523 2567 atatis
1551 2519 1654 2566 nostrae
1678 2509 1754 2566 Aulis
1779 2515 1844 2564 11-11

532 2596 620 2670 empla
644 2597 715 2669 (quae
739 2605 766 2651 et
789 2598 882 2652 odiosa
906 2599 1023 2653 sortasse
1046 2597 1148 2668 forent)
1171 2615 1278 2652 sumere
1300 2615 1354 2652 noo
1377 2605 1419 2652 est
1443 2615 1525 2672 opus,
1555 2613 1615 2652 cuni
1640 2594 1819 2668 exemplorum

532 2682 599 2737 satis
622 2690 741 2755 veterum
765 2682 801 2735 sit
824 2682 850 2734 in
873 2691 1010 2755 promptu.
1048 2683 1153 2738 Etenim
1178 2681 1303 2750 nidulis
1326 2682 1424 2754 priscis
1439 2699 1470 2737 ac
1485 2680 1681 2736 remotioribus
1704 2680 1742 2751 (in
1760 2696 1820 2752 quas

534 2774 607 2827 tuta,
631 2765 743 2838 opinor,
778 2775 819 2820 ost
843 2767 1031 2839 reprehensio)
1065 2774 1178 2839 quotum
1208 2784 1332 2839 quenque
1362 2766 1484 2839 legentes
1513 2764 1643 2821 historias
1666 2764 1819 2837 reperimus.

532 2849 579 2921 qui
602 2848 758 2922 reipublicae
781 2849 867 2921 arogis
891 2868 970 2923 quarn
993 2851 1051 2905 suis
1073 2850 1259 2924 voluptatibus
1284 2851 1453 2906 inservierit?
1488 2881 1818 2909 ...............

533 2975 913 2988 .................
937 2936 1003 2990 Cum
1027 2934 1162 3007 igiturea
1186 2935 1454 2990 11111111111111111
1486 2936 1547 2989 vitre
1575 2934 1713 2994 conditio,
1746 2939 1844 3005 quum²⁵

532 3025 647 3091 agnatus
670 3026 733 3073 tuus
757 3018 861 3074 Ulricus
884 3019 1018 3074 llnttenus
1041 3020 1180 3092 sapienter
1201 3019 1246 3075 liic
1268 3028 1295 3074 et
1318 3019 1457 3091 eleganter
1478 3019 1698 3092 descripsit,·et
1726 3016 1819 3072 calum·

532 3103 622 3158 uiator
644 3102 680 3156 sit
704 3120 814 3159 necesse
837 3111 894 3165 est,
924 3105 970 3176 qni
994 3104 1064 3159 hunc
1087 3103 1186 3159 librum
1209 3104 1402 3177 reprehendat,
1436 3113 1464 3159 ct
1486 3121 1617 3177 perquam
1640 3101 1756 3163 stultus,
1779 3118 1818 3173 qur

532 3206 564 3243 eo
588 3187 706 3260 pollecto
729 3188 760 3243 ad
785 3187 879 3243 dolam
904 3197 992 3244 tauron
1015 3207 1074 3243 sese
1096 3190 1234 3250 coulcrat,
1268 3195 1413 3261 autequam
1442 3188 1528 3261 probe
1559 3205 1619 3242 sese
1643 3187 1702 3259 ipse
1724 3193 1819 3245 noscat,

531 3280 734 3345 corripertumve
757 3273 867 3334 habeat,
901 3290 935 3327 aa
962 3291 995 3327 eo
1026 3273 1061 3327 sit
1090 3273 1194 3334 animo,
1227 3273 1409 3345 utquiequid
1437 3273 1555 3333 eveniat,
1588 3271 1728 3327 moderate
1755 3271 1820 3324 lerre

531 3357 606 3412 sciat.
651 3357 781 3429 Equidem
804 3357 937 3413 hocloco
961 3358 1075 3412 reticere
1100 3375 1219 3430 nequeo,
1249 3356 1435 3412 moderatione
1463 3357 1541 3411 111111
1570 3356 1634 3411 olim
1668 3355 1707 3410 tui
1730 3353 1844 3409 Valeri-tl

532 3441 667 3508 11111111,
692 3441 882 3504 alloroheim,
907 3443 932 3496 in
949 3441 1178 3502 Weisseutheith,
1202 3442 1249 3514 Eq.
1266 3441 1309 3495 l'r.
1333 3442 1381 3514 qui
1402 3459 1463 3496 cum
1486 3448 1601 3515 propter
1623 3456 1715 3495 reruni
1738 3456 1818 3498 usum.

531 3526 716 3599 prudentiam,
739 3526 881 3589 virtutem,
906 3526 993 3580 tribus
1017 3525 1240 3599 imperatoribus,
1269 3524 1366 3581 Carolo
1390 3526 1433 3587 V.,
1462 3525 1631 3581 Ferdinando
1659 3532 1688 3579 et
1709 3523 1821 3580 Maximi·
1874 3542 1876 3546 ’

531 3610 603 3664 liano
626 3610 654 3664 ll.
678 3609 719 3682 (ut
741 3628 772 3666 ex
795 3610 901 3683 aliquot
922 3609 1132 3666 clementissime
1155 3610 1265 3683 scriptis
1287 3610 1320 3664 ad
1343 3627 1404 3665 enm
1434 3609 1558 3683 epistolis
1585 3609 1706 3679 constat)
1738 3625 1820 3667 carus,

531 3704 558 3750 et
581 3695 720 3750 nonnullis
743 3695 892 3751 Geriuaniaa
915 3694 1085 3769 principibus
1108 3694 1281 3749 admirationi
1304 3701 1405 3770 esset,
1420 3702 1502 3767 atque
1530 3694 1590 3749 ideo
1614 3693 1763 3767 splendidae
1786 3691 1820 3746 illi

530 3779 700 3835 conditiones
723 3780 749 3853 in
773 3780 848 3835 Aulis
871 3780 1048 3841 ollerrentur.
1073 3787 1175 3841 tamen,
1204 3797 1265 3835 cuin
1288 3779 1392 3834 iuvenis
1419 3778 1561 3834 curialium
1589 3778 1714 3834 miserias
1743 3777 1847 3848 degn-³⁵

530 3872 646 3930 stasset,
678 3873 707 3920 ut
730 3873 810 3920 aetate
834 3874 980 3938 provectus
996 3864 1072 3919 dulae
1096 3881 1156 3919 sese
1179 3871 1266 3918 totum
1290 3864 1430 3925 redderet,
1452 3863 1548 3918 adduci
1570 3880 1625 3917 non
1647 3862 1748 3937 potuit.
1791 3861 1821 3914 lle

532 3965 586 4020 quo
610 3949 681 4003 lorte
704 3966 764 4004 enin
788 3966 857 4004 anno
880 3949 1032 4020 superiori,
1055 3967 1116 4005 curn
1139 3950 1272 4022 prudente
1294 3947 1434 4021 longoque
1460 3966 1510 4003 usu
1538 3947 1637 4003 edocto
1660 3946 1756 4003 dulice
1778 3945 1821 3999 Va·

531 4031 634 4086 lentiao
658 4033 807 4087 Trncbsess
830 4032 862 4087 ab
886 4032 1082 4106 llenneuberglr
1106 4050 1259 4089 sermonem
1281 4033 1447 4093 conferrem,
1477 4031 1560 4087 multa
1585 4030 1699 4087 lacunde
1728 4030 1772 4086 illc
1793 4031 1822 4084 de

530 4115 673 4171 curialium
696 4116 813 4171 miseriis
829 4116 995 4178 disserebat,
1020 4118 1134 4173 subinde
1150 4118 1258 4173 Seneca·
1274 4117 1321 4172 illa
1337 4117 1459 4189 ‘biurias
1474 4117 1611 4190 accipere,
1636 4115 1739 4189 gratias
1755 4129 1821 4188 saepe

530 4199 781 4272 agere'incnlcaus
804 4201 970 4274 copioseque
993 4202 1058 4257 illud
1082 4219 1161 4258 suum
1183 4202 1372 4257 demonstraus
1827 4202 1847 4242 ¹⁰

846 4285 873 4340 Si
896 4286 1003 4342 Curiam
1024 4304 1118 4348 curas,
1150 4287 1238 4360 pariet
1260 4286 1308 4341 tibi
1332 4285 1409 4340 Curia
1432 4303 1520 4341 curas.

529 4369 614 4437 Quam
636 4369 797 4425 cantilenam
820 4389 917 4426 cancre
940 4389 1012 4444 saepe
1042 4372 1151 4426 meurini
1182 4379 1210 4425 et
1232 4371 1308 4426 1111111
1331 4369 1536 4443 llerbipolensis
1565 4378 1714 4442 praetorem
1737 4367 1822 4423 Fride·

530 4455 616 4511 rieum
639 4455 813 4511 lldelhertnni
837 4455 871 4511 ab
893 4456 1101 4528 ttasscnburgk,
1126 4463 1152 4510 et
1175 4473 1267 4528 parem
1291 4456 1353 4510 huic
1375 4455 1483 4528 generis
1506 4453 1650 4509 nobilitate
1674 4472 1705 4510 ac
1728 4454 1821 4507 virtute

529 4540 675 4595 lobannem
698 4558 712 4594 a
735 4540 916 4601 l‘reilssheim,
941 4549 991 4596 ete.
1037 4540 1088 4595 Sed
1112 4541 1183 4600 huc,
1206 4550 1238 4595 ut
1260 4539 1390 4595 alieniora
1412 4539 1553 4595 verbosius
1576 4539 1713 4595 hocloco
1736 4552 1822 4611 perse·

530 4625 577 4697 qui
600 4642 710 4680 neccsse
733 4641 787 4680 oon
810 4633 860 4680 est.
905 4624 1199 4699 lleprelicndant··saue
1221 4625 1443 4680 doctissimorum
1472 4623 1517 4679 illa
1545 4623 1667 4679 virorum
1695 4618 1849 4696 opuscntao

530 4710 575 4782 qui
600 4708 704 4771 rolcut;
727 4708 807 4764 nobis
830 4708 946 4782 sufficiat
967 4708 1074 4782 plaeere
1098 4708 1205 4782 paneis,
1228 4718 1256 4765 et
1279 4709 1412 4764 bonorum
1436 4708 1549 4782 obsequi
1566 4708 1665 4763 studiis
1682 4727 1712 4765 ao
1733 4706 1821 4762 volun·

531 4794 588 4848 tati.
632 4794 725 4866 Neque
749 4794 808 4848 lore
830 4807 927 4867 spero,
962 4802 992 4849 ut
1015 4792 1093 4848 bonis
1117 4811 1147 4848 ea
1170 4810 1240 4850 nrruc
1263 4794 1395 4867 placitura
1424 4810 1478 4848 aon
1509 4793 1578 4854 sint,
1613 4810 1675 4865 quae
1706 4788 1821 4848 tenebris

528 4887 606 4933 antea
630 4878 739 4950 situque
762 4894 894 4952 oppressa
916 4878 1016 4933 eruditi
1039 4877 1200 4951 nobilesque
1223 4878 1271 4933 riri
1296 4879 1377 4933 toties
1401 4877 1584 4950 requirebant.
1620 4878 1654 4933 Ut
1669 4878 1743 4933 enim
1758 4875 1821 4931 alios

528 4979 599 5016 nnnc
623 4962 759 5023 omittam,
784 4961 883 5017 nobilis
906 4971 934 5017 et
956 4971 1085 5019 strenuus
1108 4964 1229 5018 Andreas
1252 4963 1314 5017 Voit
1337 4981 1351 5018 a
1374 4962 1489 5023 11111111,
1514 4963 1539 5017 11
1564 4963 1754 5037 llrspruugen.
1777 4961 1820 5029 Eq·

528 5045 571 5099 Fr.
596 5046 623 5099 iu
647 5046 761 5118 quadam
785 5045 816 5100 ad
840 5063 882 5101 inc
906 5047 1037 5121 rescripta
1060 5047 1177 5121 epistola
1208 5047 1320 5103 ‘Aulam’
1348 5048 1437 5120 inquit
1459 5047 1584 5109 l-lutteni,
1620 5055 1650 5102 nt
1680 5047 1849 5103 mildense
