4367 6084
885 643 906 676 ι

516 729 648 779 cccvii.
663 743 763 778 suasim
778 743 840 777 nor.
855 744 899 778 an.
914 743 1028 778 nancvu
1042 743 1185 778 navnmrn
1199 744 1240 777 ce.
1255 744 1280 776 o.
1297 736 1315 776 t.
1329 742 1409 776 rrum
1424 734 1482 776 tana.
1574 710 1668 782 173.

354 920 410 975 gari
433 902 462 957 in
492 901 574 963 orbe,
604 901 771 974 summisque
800 910 828 956 et
856 900 954 956 intimis
985 919 1065 975 (piram
1093 900 1383 956 commendatissima}
1406 899 1473 968 ssepi.
1518 900 1645 955 nimirum

355 985 530 1059 respondebit
560 985 610 1041 boc
640 987 666 1041 in
694 986 788 1058 primis
815 986 951 1058 expedire.
997 986 1071 1053 tJunr
1100 986 1184 1057 igitur
1207 985 1314 1058 quidam
1337 985 1513 1056 indignantur
1535 984 1645 1040 Erasmo
1687 1050 1689 1052 ¹

355 1071 398 1144 qui
427 1072 495 1126 duas
526 1087 570 1125 res
594 1069 674 1124 vellet
695 1070 791 1125 abesse
814 1088 827 1124 a
851 1069 928 1124 libris
951 1070 1060 1125 Lntberi
1085 1088 1145 1142 quie
1168 1069 1340 1142 potissimum
1363 1078 1390 1124 ct
1412 1069 1490 1124 sidem
1512 1068 1645 1140 abrogant

353 1165 380 1210 et
401 1155 500 1227 optimi
523 1155 654 1227 cuiusque
677 1156 796 1209 animum
817 1152 950 1216 alienant,
979 1155 1144 1226 arrogantiae
1173 1154 1289 1226 speciem
1312 1161 1339 1209 et
1362 1152 1574 1208 maledicentiam
1598 1153 1646 1207 im·
1693 1164 1694 1167 ’

336 1240 503 1295 turonicam?
526 1248 554 1294 et
577 1247 665 1294 tainen
688 1238 746 1294 baec
768 1239 805 1293 ita
827 1247 892 1293 sunt
915 1239 1059 1311 insigniter
1082 1239 1237 1299 manifesta,
1262 1246 1291 1294 ut
1314 1239 1359 1312 qui
1383 1255 1463 1310 quam
1485 1237 1646 1292 amicissime

351 1324 514 1384 detendunt.
538 1340 593 1378 uon
616 1323 731 1378 habeant
752 1322 871 1378 colorem
895 1341 973 1396 quem
997 1325 1136 1384 adimant.
1165 1323 1217 1377 nisi
1246 1323 1285 1378 sic
1313 1322 1507 1378 commeruisse
1536 1331 1644 1401 peecapa

353 1416 458 1480 nostra.
483 1417 514 1463 ut
529 1426 579 1481 per
602 1417 655 1478 tam
677 1407 803 1462 acerbum
826 1406 1030 1479 obiurgatorem
1053 1406 1242 1481 scorpionibus
1264 1408 1438 1463 caederemus.
1484 1407 1547 1461 mibi
1570 1415 1643 1461 certe
1654 1411 1714 1460 tta.

352 1494 468 1565 primum
492 1492 603 1547 botheri
632 1492 760 1565 spiritum
788 1509 842 1547 non
874 1491 941 1546 nibil
970 1501 1126 1566 suspectum
1150 1492 1266 1547 reddidit
1289 1490 1335 1546 illa
1358 1492 1522 1565 scriptorum
1546 1491 1645 1546 lerocia

351 1588 378 1633 et
400 1595 536 1650 nusquam
559 1592 614 1630 non
628 1585 730 1649 ‘parata
752 1576 885 1636 convicia.
909 1594 958 1632 uec
981 1577 1075 1632 dubito
1099 1577 1165 1650 quin
1187 1576 1248 1630 aliis
1271 1575 1478 1649 quamplurimis
1502 1576 1571 1631 idem
1595 1593 1646 1630 usu

322 1662 458 1716 tereuerit
481 1661 555 1733 qued
577 1661 650 1715 milii.
696 1661 723 1715 Si
746 1661 856 1716 Lntberi
879 1661 1003 1716 doctrina
1026 1669 1119 1717 saneta
1141 1669 1198 1722 est,
1223 1678 1302 1734 quam
1326 1660 1426 1715 multus
1448 1660 1537 1715 credis
1560 1660 1593 1715 ab
1615 1678 1646 1715 ea

352 1746 486 1813 alienatos
509 1763 542 1800 eo
565 1743 658 1801 libello
681 1762 736 1817 quo
759 1744 900 1819 respoudit
922 1745 1072 1817 degloruru
1096 1746 1170 1817 regi,
1194 1763 1248 1818 quo
1271 1744 1393 1818 principe
1416 1745 1466 1803 vix!
1480 1744 1550 1799 alius
1566 1745 1646 1799 bodie

353 1831 415 1884 sirit
438 1828 565 1885 curriibns
587 1830 671 1901 regiis
693 1829 804 1885 dotibus
826 1829 962 1890 ornatior,
996 1848 1045 1886 nec
1068 1829 1218 1885 alieniora
1244 1829 1399 1902 tyrannide,
1425 1840 1474 1884 nec
1497 1829 1647 1901 gratiosior

352 1915 422 1987 apud
447 1932 526 1969 snum
548 1906 693 1987 populum,
725 1931 774 1969 nec
805 1915 874 1986 apud
898 1932 978 1987 quem
1001 1914 1079 1969 bonae
1103 1913 1189 1969 literne
1212 1923 1239 1969 et
1262 1914 1371 1986 egregia
1394 1914 1480 1968 virtus
1502 1914 1588 1986 inagis
1611 1914 1647 1967 sit

353 2000 379 2053 in
395 1999 507 2071 precio?
530 1997 610 2054 lineat
632 1999 683 2053 boe
705 1999 773 2054 citra
796 1992 958 2054 adulationis
984 1999 1167 2072 suspicionem
1190 1999 1284 2053 testari
1307 1999 1340 2054 de
1363 2016 1410 2059 eo.
1434 2018 1449 2054 a
1471 2016 1525 2071 quo
1541 2015 1647 2069 necae-

319 2083 426 2155 raeipio
457 2083 600 2156 quicquam
630 2100 679 2138 nec
706 2082 810 2138 ambio:
844 2084 894 2138 lioe
924 2092 998 2139 certe
1027 2084 1120 2155 negari
1150 2100 1205 2138 non
1235 2090 1327 2156 potest
1357 2100 1448 2153 regem
1479 2083 1525 2155 pie
1556 2081 1715 2138 animolas.

354 2167 512 2240 scripsisse.
541 2175 569 2222 et
596 2167 686 2240 siquid
715 2167 894 2222 convitiorum
923 2168 1067 2223 admiscuit
1096 2168 1122 2223 in
1145 2167 1308 2229 bulherum,
1336 2177 1437 2240 praeter
1465 2185 1545 2240 quam
1574 2167 1646 2240 quod

355 2252 441 2324 ipsius
463 2250 615 2324 exemplum
638 2259 731 2324 posset
754 2260 920 2324 prutenere,
944 2251 1054 2326 scripsit
1072 2252 1098 2306 in
1115 2270 1175 2306 euru
1191 2253 1218 2306 in
1235 2269 1314 2325 quern
1330 2269 1477 2325 persuasus
1492 2259 1551 2307 crat
1566 2251 1646 2324 longe

354 2336 490 2391 atrociora
512 2344 682 2408 competere;
706 2345 733 2390 et
756 2328 844 2391 tamen
868 2337 890 2391 si
914 2337 978 2409 quid
1000 2337 1028 2390 in
1051 2354 1084 2392 eo
1107 2335 1200 2391 libello
1224 2345 1266 2391 est
1287 2334 1418 2397 alienum,
1441 2336 1566 2409 suspicor
1587 2354 1648 2390 esse

354 2421 467 2476 dicteria
490 2420 610 2492 quaedam
633 2420 780 2475 acerbiora.
825 2421 916 2493 itaque
939 2421 961 2475 si
985 2421 1120 2477 butberus
1142 2420 1295 2477 collaudato
1319 2422 1368 2494 pio
1388 2422 1461 2492 regis
1484 2421 1574 2475 studio
1590 2437 1647 2475 rem

316 2505 452 2560 adsolidis
475 2505 643 2576 argumentis
667 2505 776 2559 sortiter
798 2505 965 2578 peregisset,
989 2523 1044 2559 tion
1067 2504 1166 2560 violata
1190 2506 1263 2577 regia
1286 2505 1432 2577 dignitate.
1456 2505 1565 2566 rectius.
1589 2505 1648 2577 opi·

356 2607 420 2649 nor,
444 2588 626 2644 consuluisset
649 2607 705 2644 sine
727 2607 829 2650 causae,
852 2590 885 2644 de
908 2607 960 2663 qua
982 2607 1054 2645 nunc
1076 2608 1138 2644 cirin
1153 2589 1308 2645 Lutlrerano
1331 2590 1458 2663 quopiam
1480 2590 1592 2662 perinde
1608 2588 1648 2645 lo·

355 2662 424 2746 quar
447 2674 523 2746 quasi
547 2674 582 2729 sit
605 2674 715 2746 optima.
760 2674 824 2746 qnid
847 2683 937 2728 autem
960 2674 1082 2730 irintilius
1107 2692 1187 2748 quam
1209 2674 1350 2729 comitiari
1380 2675 1491 2730 siiinmis
1519 2672 1652 2747 principi·.

355 2758 420 2819 bus.
450 2757 548 2831 quibus
579 2757 734 2813 facillimum
763 2768 804 2813 est
827 2776 858 2812 ea
880 2767 1069 2819 contemnere.
1099 2768 1126 2814 et
1150 2758 1175 2814 iu
1200 2752 1328 2832 promptia
1351 2767 1393 2814 est
1415 2761 1437 2814 si
1461 2759 1543 2815 libeat
1565 2746 1647 2813 ‹ivri-

355 2839 541 2915 μυκτηρίσαι.
585 2842 642 2914 Ege
665 2860 713 2897 nee
736 2859 827 2898 amore
851 2860 900 2898 nec
922 2843 984 2899 odio
1007 2843 1166 2917 cuiusquam
1189 2844 1344 2899 niortalium
1367 2844 1455 2900 sciens
1477 2844 1588 2917 prodam
1604 2859 1716 2909 reem,

325 2931 466 2982 raritatem
497 2927 692 2999 evangelieaun
721 2928 814 2982 lerunt
842 2928 995 2983 rriouarclrae
1024 2927 1135 2983 liberam
1163 2928 1388 2989 admonitionem.
1418 2929 1574 2984 seditiosam
1602 2946 1649 3002 pc·

359 3011 500 3067 tuleritiam
531 3029 584 3066 non
612 3012 711 3066 lerunt.
757 3011 817 3067 llree
847 3012 872 3065 in
901 3013 951 3067 boe
982 3021 1085 3067 tautirm
1108 3013 1233 3075 dixerim,
1263 3020 1293 3068 ut
1314 3014 1487 3086 perspicuum
1511 3014 1546 3068 sit
1569 3030 1648 3086 quarn

302 3091 305 3093 Δ
357 3115 405 3152 nee
429 3096 589 3151 butlieranis
611 3096 731 3151 dederim
754 3096 936 3156 occasionem.
961 3114 1031 3169 quur
1053 3097 1080 3151 in
1104 3115 1146 3151 me
1169 3098 1266 3153 merito
1288 3098 1415 3160 savinum
1444 3114 1498 3152 tion
1522 3099 1594 3171 «quod
1618 3097 1649 3151 il·

357 3181 399 3235 los
423 3191 551 3242 metuam,
576 3181 598 3235 si
622 3198 671 3236 suo
695 3180 760 3235 vitio
784 3182 906 3236 l'erantur
929 3181 955 3236 in
979 3181 1144 3254 ampelius,
1169 3199 1323 3254 quamurea
1338 3181 1431 3254 eulpa,
1455 3182 1501 3235 sed
1517 3182 1589 3255 qnod
1606 3199 1648 3235 se·

358 3265 402 3320 liin
425 3266 580 3338 aequitatem
603 3283 688 3320 memn
711 3264 836 3320 omnibns
859 3283 918 3321 esse
941 3264 1091 3338 probatam.
1137 3283 1196 3320 nrirn
1220 3264 1364 3339 provolant
1392 3266 1453 3320 binc
1480 3274 1562 3338 atque
1586 3265 1646 3320 binc

326 3349 464 3422 aealiquet
493 3348 617 3423 epistolae
643 3367 693 3410 een
717 3348 810 3405 velites
834 3350 925 3405 nescio
949 3349 1012 3421 quid
1036 3350 1203 3410 minitantes,
1233 3359 1260 3405 et
1284 3350 1355 3405 inter
1377 3350 1424 3404 bas
1447 3366 1498 3403 una
1523 3366 1577 3403 non
1600 3366 1646 3421 pa·

358 3452 416 3489 rum
440 3435 547 3507 spirans
569 3434 677 3495 veneni.
702 3435 782 3489 etiam
805 3443 867 3489 ante
889 3442 1030 3489 consertas
1054 3451 1157 3488 manus.
1202 3434 1252 3489 Sed
1277 3434 1319 3488 bic
1341 3433 1402 3488 volo
1426 3450 1533 3488 rursum
1557 3441 1586 3487 nt
1602 3434 1715 3487 rid-§.ae

352 3521 393 3575 sit
416 3519 481 3573 mibi
505 3519 674 3574 Lntberanus
697 3517 760 3579 ille.
790 3536 869 3591 quem
893 3526 922 3573 nt
945 3518 1091 3589 aequiorem
1115 3517 1203 3589 delegi
1227 3518 1340 3573 iudicem
1364 3518 1443 3572 liuius
1465 3534 1561 3572 causae.
1608 3516 1648 3571 ln·

357 3603 485 3676 dignaudi
507 3621 596 3658 causae
618 3611 681 3657 sunt
704 3603 871 3658 huiusmodi:
895 3602 1009 3657 uidebar
1038 3602 1064 3656 in
1087 3601 1212 3675 epistolis
1235 3601 1332 3657 alicubi
1355 3603 1447 3658 neseio
1469 3602 1533 3674 quid
1557 3610 1649 3656 osten·

359 3696 415 3743 tare
438 3688 510 3761 spei.
539 3688 561 3741 si
591 3687 685 3743 liceret
714 3695 741 3742 et
770 3687 793 3741 si
820 3687 932 3742 daretur
959 3687 1046 3743 ocium
1075 3704 1117 3741 me
1140 3704 1194 3742 non
1216 3688 1372 3743 defuturum
1395 3685 1586 3759 tranquillitati
1608 3688 1648 3742 rei

328 3773 517 3827 strumene
546 3780 574 3826 et
601 3772 727 3843 dignitati
757 3771 829 3826 sedis
856 3772 1022 3845 apostolieae.
1068 3771 1132 3845 quid
1167 3772 1223 3828 lime
1253 3772 1398 3845 promissio
1429 3771 1492 3826 lacit
1520 3772 1648 3826 adversus

357 3857 525 3912 bulborum?
555 3856 605 3911 Sed
635 3857 738 3927 fingant
766 3874 808 3910 me
831 3857 973 3929 scripsisse
995 3857 1088 3912 nescio
1112 3857 1176 3931 quid
1198 3859 1325 3912 ailrersus
1349 3856 1438 3918 illum,
1468 3856 1540 3929 quod
1563 3856 1650 3912 adbuc

357 3959 421 3997 sane
444 3958 536 3995 rerum
558 3958 613 3996 non
636 3949 691 4001 est.
721 3958 803 4013 quum
832 3948 907 3996 totus
929 3942 1003 3997 orbis
1027 3942 1101 3997 ultro
1124 3952 1201 3997 acuat
1224 3942 1316 3997 stilum
1339 3942 1366 3997 in
1389 3941 1480 4002 illum,
1510 3958 1581 4014 quur
1603 3942 1648 3997 uni

357 4026 420 4080 mibi
450 4025 640 4097 indignentur,
670 4026 692 4079 si
722 4043 764 4080 me
792 4043 972 4082 couuuoream
1002 4027 1092 4082 iussus
1115 4026 1148 4081 ab
1171 4027 1212 4081 bis
1235 4026 1333 4101 quibus
1356 4028 1397 4101 vix
1420 4034 1507 4082 tutum
1531 4036 1649 4082 estnon

358 4110 490 4183 obsequi?
519 4109 568 4165 Sed
593 4109 659 4164 illud
682 4110 747 4165 milri
769 4110 898 4166 concedet
921 4111 1020 4184 opinor
1043 4112 1121 4167 iudea
1143 4128 1231 4172 inens,
1260 4112 1408 4168 Lutberum
1431 4130 1486 4168 non
1510 4129 1569 4168 esse
1593 4121 1646 4166 tam
1657 4131 1716 4180 μγ,

326 4205 485 4267 topcrversc
508 4194 643 4268 iniquum.
677 4202 705 4248 ut
729 4211 811 4266 quum
835 4195 892 4267 ipse
915 4196 965 4249 sibi
980 4197 1136 4267 ‘permittat
1164 4214 1223 4251 non
1248 4196 1336 4252 solum
1359 4196 1392 4251 ab
1415 4196 1540 4252 omnibus
1563 4196 1648 4252 ecele-

357 4279 403 4334 siae
425 4278 585 4334 doctoribus
607 4279 766 4340 dissentire,
791 4296 882 4334 rerum
902 4279 983 4333 etiam
998 4297 1013 4334 a
1028 4279 1205 4335 conciliorum
1221 4281 1351 4340 decretis.
1375 4281 1532 4353 indignetur
1547 4281 1569 4335 si
1586 4283 1647 4353 quis

356 4363 461 4418 alicubi
477 4362 510 4417 ab
534 4364 593 4436 ipso
616 4363 774 4423 dissentiat.
798 4379 881 4435 seque
905 4362 998 4437 laesum
1022 4365 1157 4418 existimet
1180 4366 1202 4418 si
1227 4365 1287 4436 quis
1310 4383 1324 4418 a
1346 4366 1471 4419 colludiis
1495 4373 1649 4438 temperans

357 4465 494 4502 sacrarum
517 4446 657 4502 literarum
682 4447 858 4507 testimoniis.
883 4446 981 4519 quibus
1005 4446 1048 4502 ille
1073 4447 1169 4502 tribuit
1191 4448 1351 4521 plurimum.
1375 4467 1405 4502 ac
1427 4447 1522 4503 solidis
1539 4449 1649 4503 rationi-

358 4531 407 4586 bus
431 4532 550 4605 inquirat
575 4533 731 4587 veritatem:
760 4549 821 4586 nam
849 4531 901 4584 hue
924 4532 981 4603 ipse
1004 4538 1135 4603 provocat
1158 4549 1268 4592 ornares.
1299 4550 1347 4586 nec
1369 4531 1422 4586 alio
1446 4540 1575 4604 provocat
1598 4533 1650 4587 llo·

325 4628 452 4672 isiuauus
475 4617 612 4689 pontifex.
642 4634 721 4688 quam
749 4624 778 4670 nt
800 4615 936 4671 Lutlrerus
959 4614 1053 4669 solidis
1076 4614 1228 4670 rationibus
1250 4634 1280 4671 ac
1303 4634 1385 4671 sacrae
1408 4616 1550 4688 seripturae
1574 4617 1650 4671 testi·

355 4842 360 4851 .
423 4799 490 4846 'ct
506 4799 557 4849 111.
572 4797 773 4863 negotiati.
790 4796 828 4846 ll.
866 4794 1167 4846 II.Pural.X.ll.ll.
1216 4795 1233 4827 ¹¹
1249 4795 1427 4860 qiiopr.etr.]
1442 4797 1555 4845 bucinat
1569 4798 1649 4846 Erns-

358 4884 438 4932 mice.
510 4881 530 4913 ¹³
549 4899 615 4945 rege
636 4886 660 4930 1.
725 4879 747 4913 ²²
765 4883 924 4932 Conviciari
938 4881 1111 4946 principibus
1125 4880 1204 4940 rude,
1225 4896 1272 4929 eos
1285 4880 1392 4928 adulari
1412 4878 1459 4944 [es.
1473 4883 1488 4940 ξ
1500 4878 1552 4943 ib]
1574 4882 1649 4929 enni-

357 4984 434 5027 uniam
453 4968 502 5016 sed
516 4966 582 5015 illud
601 4981 668 5014 seire
682 4965 779 5015 inutile
794 4973 850 5026 est,
870 4967 921 5015 boe
934 4980 999 5015 vero
1013 4969 1196 5030 quaestuosum
1210 4947 1420 5029 nonutrmqnem.
1472 4962 1494 4995 ²³
1504 4963 1525 4995 ²⁸
1543 4953 1648 5032 datto]

357 5059 455 5101 eontra
474 5051 653 5100 suliennnere.
706 5049 728 5081 ²⁷
747 5051 925 5100 Lutberianis
946 5052 970 5099 1.
