4367 6084
413 714 655 763 cccxxxxlttt.
675 728 807 763 troicivu
821 727 923 761 nassau
937 727 1041 760 scasas
1056 728 1090 760 oe
1105 727 1225 761 aeonum
1238 724 1342 760 antam
1356 726 1546 760 nerenooanr.
1585 695 1632 766 37
1637 698 1658 764 5

364 906 419 943 non
442 888 524 942 audet
548 885 658 960 prodire
684 885 793 941 timidus
815 884 1017 957 Lntlierunrque
1040 884 1066 939 iu
1097 889 1209 958 negotio
1238 893 1290 940 tam
1319 884 1499 940 saluberrimo
1527 886 1658 946 adiutare,
1707 894 1710 897 ’

363 973 516 1027 abhorrens
539 971 621 1026 etiam
645 969 752 1025 iuterim
776 986 873 1025 nonicn
890 969 1087 1030 Lutlierannm.
1114 971 1190 1042 rqiiasi
1208 969 1286 1043 impia
1302 970 1398 1025 doceat
1414 969 1563 1024 botherus:
1583 978 1657 1025 certe

364 1059 387 1112 si
408 1057 487 1129 impia
510 1056 605 1115 docet.
633 1073 671 1108 vm
694 1055 774 1109 nobis
797 1055 841 1127 qm
867 1072 927 1108 crim
952 1052 999 1107 illo
1018 1053 1187 1126 colligimus,
1211 1054 1253 1108 sin
1276 1055 1331 1127 qaia.
1357 1054 1421 1126 quid
1442 1054 1559 1126 trepidat
1580 1054 1658 1109 Eras-

364 1146 444 1197 mus‘l
477 1141 591 1214 proinde
614 1139 637 1193 si
659 1139 762 1210 refugit
784 1138 911 1194 Erasmus
938 1138 1049 1192 Lutheri
1077 1139 1245 1194 sanissimam
1267 1139 1432 1199 doctrinam.
1467 1139 1593 1211 indignus
1615 1148 1658 1193 est

338 1239 378 1282 ae
416 1226 488 1280 iuxta
510 1225 621 1280 verbum
640 1224 749 1279 Christi.
794 1225 881 1297 htque
905 1242 921 1278 o
945 1223 1048 1278 utilium
1071 1221 1234 1296 cous'ydcret
1257 1223 1381 1278 Erasums
1405 1223 1566 1278 horrendam
1582 1224 1657 1278 Chri,-

363 1245 401 1365 sh
423 1311 601 1369 sententiam.
630 1326 711 1382 qnam
734 1309 840 1381 profert
862 1309 895 1363 de
917 1307 959 1362 his
982 1309 1029 1380 qui
1051 1325 1106 1362 aon
1128 1309 1272 1381 accingunt.
1295 1317 1381 1363 semet
1402 1316 1496 1386 contra
1521 1306 1593 1362 rerhi
1614 1308 1655 1362 sui

361 1394 548 1450 desolatores!
573 1393 674 1460 ‘Quem'
697 1393 785 1465 inquit
808 1392 944 1466 ‘puduerit
965 1393 1017 1447 rinei
1039 1409 1130 1448 coram
1160 1393 1209 1448 hac
1231 1394 1407 1465 generatione
1430 1410 1510 1465 prava
1535 1400 1562 1447 et
1585 1409 1657 1448 niinc
1734 1431 1738 1438 ·

363 1479 457 1536 multis
480 1478 567 1534 modis
587 1477 830 1552 perniciosissima,
859 1475 971 1550 pudebit
996 1476 1069 1533 illius
1092 1486 1119 1533 et
1142 1476 1225 1533 hlium
1248 1477 1364 1533 hominis
1389 1495 1480 1532 coram
1502 1484 1581 1550 patre
1602 1497 1655 1532 cm·

363 1560 450 1620 ldsti':
473 1563 571 1619 «lurum
591 1561 714 1623 verbum,
738 1563 784 1617 sed
805 1561 929 1622 salubre,
953 1561 1051 1634 qrdhus
1069 1563 1160 1617 datum
1183 1571 1225 1618 est
1242 1579 1418 1635 cognoscere.
1450 1561 1560 1617 lnterim
1578 1560 1656 1616 Eras-

329 1660 426 1704 t⁰mus
452 1646 624 1704 adblauditur
654 1647 705 1701 sihi
734 1645 846 1720 vultque
875 1646 985 1718 egregie
1009 1646 1158 1719 profecisse
1186 1665 1228 1708 se,
1264 1648 1327 1703 dnm
1358 1646 1538 1720 paraphrases
1564 1647 1658 1702 condit

362 1751 449 1789 caecas
472 1740 629 1804 mutasque,
652 1731 774 1804 adeoque
795 1730 901 1785 videtur
922 1731 1102 1793 satisfecisse,
1126 1732 1189 1787 ditm
1210 1732 1309 1788 leniter
1327 1739 1354 1786 et
1371 1732 1403 1785 ad
1421 1730 1527 1785 literam
1543 1730 1656 1803 attingit

362 1816 532 1889 evangelicas
553 1815 654 1871 literas.
692 1824 821 1871 caeterum
844 1832 898 1870 non
923 1816 949 1870 in
973 1833 1099 1870 sermone
1117 1816 1243 1873 consistit
1262 1833 1376 1894 regnum
1405 1816 1463 1878 dci,
1492 1815 1583 1870 sedin
1607 1834 1656 1888 po·

365 1902 458 1957 tentia.
493 1901 609 1956 Proinde
629 1901 687 1956 haec
709 1909 770 1956 esto
793 1917 894 1955 summa
920 1899 1010 1955 iudicii
1033 1901 1084 1955 mei
1107 1902 1140 1956 de
1166 1910 1296 1975 utroque:
1331 1900 1465 1956 Lntherus
1495 1898 1553 1961 ille,
1578 1900 1655 1955 cuius

364 2003 462 2041 nomen
484 1986 552 2040 adeo
576 1986 678 2057 refugit
701 1985 840 2046 Erasmus,
865 1983 927 2058 plns
950 1984 1031 2040 habet
1053 2002 1125 2041 sanic
1146 1985 1362 2059 evangelicaque
1383 1985 1515 2041 doctrime
1540 1985 1566 2039 iu
1591 2002 1653 2046 ium.

327 2071 437 2144 isquod
459 2071 549 2131 aiunt,
574 2068 691 2141 digitulo
714 2087 792 2143 quam
811 2068 937 2125 Erasmus
960 2069 987 2123 in
1011 2077 1070 2125 toto
1092 2079 1204 2144 pectore
1227 2088 1290 2131 sno,
1322 2070 1388 2125 adde
1411 2070 1432 2125 si
1457 2069 1535 2131 libet,
1564 2077 1591 2123 et
1611 2088 1655 2125 ca·

364 2156 428 2228 pito
464 2162 546 2227 atquc
568 2154 620 2210 hoc
638 2154 774 2209 infelicior
790 2153 929 2215 Erasmus,
953 2171 1007 2226 quo
1025 2154 1113 2210 minus
1134 2157 1242 2211 remita
1262 2153 1520 2226 hahercintelligit:
1543 2153 1653 2209 Erasmo
1705 2168 1707 2173 ’

364 2239 509 2295 tribuimus
531 2238 637 2294 landem
659 2237 837 2312 eloquentiae,
871 2246 1003 2313 praetcrea
1026 2238 1108 2302 uihil;
1143 2240 1263 2296 Luthero
1290 2248 1353 2312 post
1376 2238 1486 2294 Paulum
1514 2238 1652 2294 meliorem
1708 2251 1710 2255 ⁴

364 2324 391 2379 in
416 2324 556 2379 tractando
577 2323 784 2378 christianismo
806 2340 861 2377 non
882 2323 1005 2378 vidimus.
1051 2323 1149 2379 Verum
1172 2325 1316 2397 utriusque
1344 2325 1444 2379 ‹tonum
1467 2322 1558 2378 divino
1588 2340 1653 2395 erga

363 2427 414 2464 nos
438 2409 530 2464 favore
550 2416 689 2481 acceptum
713 2408 872 2463 referimus:
906 2407 1032 2462 Erasmus
1059 2409 1153 2464 vindex
1181 2419 1223 2465 est
1246 2407 1425 2482 eloquentia.
1461 2407 1653 2463 invictissimus

324 2491 543 2567 eapropulsator
564 2492 680 2548 sordidae
703 2491 850 2554 barbariei,
873 2509 1023 2566 perquam
1047 2494 1104 2549 fere
1127 2496 1225 2549 factum
1249 2501 1304 2554 est,
1334 2502 1362 2549 ut
1386 2491 1548 2564 theologicae
1566 2491 1653 2547 litera·

333 2637 339 2645 ,
363 2576 444 2632 simul
465 2594 526 2633 cum
549 2576 704 2650 eloquentia
725 2576 922 2639 obsoleverint;
946 2577 1014 2633 hanc
1031 2579 1153 2634 restitnit
1167 2579 1306 2640 Erasmus
1327 2578 1399 2633 illam
1417 2578 1565 2639 liutherum
1587 2584 1653 2632 tam-

323 2706 331 2717 .
362 2663 415 2717 etsi
438 2661 565 2717 Erasmus
590 2661 703 2734 primam
726 2662 831 2716 dederit
853 2679 945 2717 ansam
968 2663 1143 2718 restituendae
1168 2663 1328 2735 theologias,
1363 2663 1410 2717 sed
1440 2680 1509 2717 ntum
1536 2662 1562 2716 in
1592 2679 1653 2733 gra·

363 2747 427 2802 tiam
457 2763 623 2802 strnimormn
651 2747 804 2820 principum
833 2747 942 2818 cogitur
969 2742 1156 2802 παλινωόεῖν.
1202 2750 1295 2822 ltaque
1322 2748 1458 2804 lutherus
1485 2747 1578 2801 virides
1612 2754 1653 2801 est

362 2830 495 2904 evangelii
516 2830 628 2890 Christi,
664 2831 735 2903 quod
763 2831 797 2885 ab
819 2831 908 2905 impiis
933 2832 1054 2904 tyrannis
1083 2834 1321 2906 spurcissimisque
1348 2833 1438 2907 porcis
1461 2831 1653 2905 papisticarnm

308 2935 353 2973 ses
365 2933 498 2987 irrigarem
532 2915 755 2988 impietatumque
782 2916 975 2971 tractatoribus
1002 2917 1134 2989 sophistis
1162 2919 1343 2979 sordidatum,
1373 2925 1528 2976 evacuatum
1556 2925 1598 2970 est
1625 2924 1653 2970 et

363 2993 523 3056 miserrimis
546 2999 632 3055 modh
649 2999 801 3056 desolatum
823 3018 876 3055 non
897 3001 954 3056 sine
975 3000 1156 3070 iiiiestimahili
1174 3004 1259 3058 totins
1277 3003 1368 3057 mnndi
1391 3001 1476 3056 malo:
1497 3001 1547 3056 hoc
1564 3002 1651 3074 ipsum

362 3084 462 3140 malum
484 3083 566 3139 veluti
588 3084 716 3139 conlatus
739 3083 828 3139 Helias
851 3084 966 3139 vindicat
983 3084 1133 3145 lutherus.
1155 3088 1241 3143 atroci
1265 3087 1373 3160 quidem
1394 3084 1512 3146 calamo,
1534 3085 1580 3140 sed
1602 3103 1652 3157 pro

362 3170 401 3224 rei
427 3168 579 3224 atrocitate.
616 3186 700 3242 porro
720 3169 831 3224 Erasmo
852 3186 930 3224 scens
951 3167 1057 3223 videtur
1080 3172 1207 3226 tentanda
1235 3189 1293 3231 res,
1323 3171 1448 3225 nimirum
1472 3170 1586 3224 humana
1611 3186 1652 3223 sa·

363 3253 466 3327 pientia
488 3252 587 3308 leniter
605 3262 632 3308 et
654 3254 776 3309 modeste
794 3253 968 3325 attingendus
989 3252 1128 3309 sanctulos
1152 3255 1234 3311 istos:
1264 3255 1335 3328 quod
1358 3253 1464 3327 quidem
1486 3252 1650 3307 Erasmicum

319 3337 507 3394 :·.oconsilium
528 3337 607 3410 quale
630 3339 666 3393 sit
691 3338 752 3411 quis
776 3355 836 3393 vere
857 3338 919 3411 pius
941 3354 994 3392 non
1019 3338 1107 3392 vidct‘l
1135 3356 1194 3394 nam
1218 3338 1439 3413 quemadmodum
1461 3336 1651 3391 stultissimum

360 3430 436 3478 esset
458 3421 531 3477 illius
553 3421 696 3477 consilium
721 3422 767 3497 qni
789 3422 888 3478 oborto
916 3423 987 3478 forte
1016 3421 1119 3493 ingenti
1147 3423 1270 3479 incendio
1294 3422 1417 3479 homines
1447 3422 1479 3476 ad
1507 3421 1651 3476 sedandam

361 3508 528 3562 flammarum
551 3507 676 3562 iniuriam
698 3506 923 3563 circumvolantes
937 3507 1127 3580 civitatemque
1148 3508 1199 3563 iam
1218 3526 1286 3581 pene
1304 3514 1492 3578 consumptam
1511 3504 1652 3560 vehemen-

361 3592 475 3647 tissimis
497 3590 636 3647 laboribus
659 3581 766 3647 serrare
790 3591 923 3646 inhiantes
943 3590 1162 3665 clamoribusque
1185 3593 1246 3665 plns
1271 3609 1349 3666 ιμιιιιιι
1372 3591 1525 3646 Stentoreis
1548 3588 1588 3660 (ut
1611 3588 1651 3661 fit)

360 3694 392 3732 se
414 3683 508 3731 mutuo
531 3676 708 3731 adhortantes
730 3684 854 3731 avocaret
877 3693 907 3731 ac
929 3674 1036 3731 illorum
1060 3676 1147 3739 series
1169 3676 1290 3738 labores.
1312 3675 1530 3736 adhortationes.
1551 3674 1651 3731 clamo-

319 3779 407 3819 sares
431 3761 595 3833 increparet.
623 3778 739 3834 cumque
761 3759 908 3834 supercilio
930 3760 1051 3822 inheret,
1081 3768 1110 3815 nt
1134 3779 1189 3817 rem
1213 3763 1325 3817 summis
1348 3769 1451 3816 tantum
1479 3759 1519 3830 (ut
1540 3760 1651 3830 dicitur)

359 3844 485 3916 digitulis
507 3845 687 3917 attingerent,
710 3862 765 3900 uon
786 3863 847 3900 esse
869 3853 922 3901 tam
945 3845 1017 3900 serio
1042 3845 1179 3919 tantisque
1202 3847 1362 3902 tumultibus
1379 3863 1435 3901 rem
1456 3845 1651 3918 attingendam,

360 3931 483 3985 modeste
502 3929 636 4003 taciteque
657 3929 802 3985 sedandum
827 3930 992 3986 incendium:
1016 3947 1057 3986 irae
1080 3929 1125 3986 illc
1147 3931 1214 3987 male
1236 3930 1317 3987 vellet
1339 3931 1402 3986 hnic
1422 3930 1523 3987 civitati
1539 3930 1654 3986 faveret-

360 4032 414 4087 que
436 4013 543 4069 illorum
565 4014 723 4069 discrimini.
767 4013 826 4069 Nou
849 4013 921 4070 alind
943 4016 1000 4088 agit
1019 4014 1146 4071 Erasmus
1169 4035 1229 4074 cum
1251 4017 1370 4074 consulit
1393 4017 1471 4071 istam
1494 4016 1651 4090 papisticam

361 4099 478 4153 incendii
501 4097 603 4153 rabiem
625 4099 746 4154 modeste
769 4100 928 4172 pacandam:
958 4101 1012 4155 imo
1032 4101 1103 4156 iuxta
1126 4100 1228 4157 Esaiam
1253 4102 1363 4163 ‘Clama‚
1388 4119 1420 4157 ue
1442 4118 1545 4162 cesses.
1576 4101 1651 4174 qnasi

320 4202 350 4242 so
362 4182 426 4237 tuba
449 4182 535 4237 exalta
559 4199 650 4239 rocem
675 4184 755 4238 tnam’
778 4191 829 4239 etc.
865 4183 1004 4245 Erasmus,
1027 4185 1049 4240 s'i
1073 4185 1192 4247 videtur.
1218 4194 1303 4242 taceat
1325 4187 1414 4259 sitque
1434 4186 1525 4241 socius
1547 4187 1652 4245 furum:

360 4267 496 4322 botherus
517 4264 596 4329 saue',
621 4268 666 4340 qui
691 4269 843 4340 pomarium
863 4267 938 4324 illum
953 4268 1093 4324 llerculem
1114 4271 1285 4342 quantumvis
1305 4255 1491 4343 φαλαρισμὸν
1510 4287 1563 4326 non
1586 4271 1651 4325 tanti

360 4352 440 4413 facit,
474 4369 546 4423 aegre
570 4351 685 4414 tacebit,
718 4353 765 4407 sed
788 4353 910 4425 martyrii
933 4362 1076 4425 expectans
1098 4371 1226 4409 coronam
1249 4354 1395 4410 crabrones
1418 4355 1486 4409 istos
1509 4363 1652 4427 quantum-

360 4435 427 4491 libet
450 4453 537 4491 saevos
561 4435 699 4492 liberrime
719 4444 815 4510 perget
837 4436 959 4497 irritare,
983 4436 1112 4491 stolidum
1135 4438 1207 4493 istud
1229 4445 1256 4492 et
1277 4438 1381 4494 ebrium
1404 4455 1550 4511 porcorum
1566 4455 1652 4510 genus

359 4537 415 4576 nim
441 4519 594 4576 morabitur
617 4521 656 4575 vir
679 4519 724 4575 ille
746 4521 849 4576 clectus
875 4538 888 4574 a
916 4520 1040 4580 (lantino,
1072 4521 1119 4576 sed
1148 4539 1235 4594 usquc
1260 4521 1291 4576 ad
1320 4530 1435 4577 mortem
1462 4529 1651 4595 persequetur,
1704 4542 1706 4548 ·

319 4605 446 4664 sailouec
468 4603 586 4661 labascat
608 4623 721 4678 regnum
744 4604 867 4666 illorum.
892 4605 1018 4660 nimirum
1042 4605 1073 4660 ad
1097 4604 1248 4679 exemplum
1268 4605 1351 4660 ileliae
1373 4605 1430 4678 (qui
1454 4614 1495 4660 tot
1515 4604 1650 4661 sacrificos

428 4785 496 4835 ⁸Ve
518 4789 573 4838 1.2.
627 4784 848 4835 ³·tt1ratmns2.
899 4783 1032 4835 5ιῑιιιιιιίιΙ.
1054 4789 1114 4835 2.3.
1167 4783 1296 4850 tinquit]
1317 4786 1353 4835 cf.
1369 4802 1467 4849 evang.
1482 4801 1537 4835 sec.
1551 4785 1651 4835 Matth.

358 4873 392 4921 X.
406 4871 448 4921 33.
485 4872 656 4937 ⁸perniti0s.
677 4874 701 4918 2.
739 4868 903 4919 ¹⁰condt2.
942 4868 1067 4919 '’estf.
1117 4868 1251 4919 18ιίἰιιίιιιι
1271 4876 1294 4919 1.
1343 4867 1534 4932 ηπιιιλιιιωὸ.1
1556 4886 1651 4919 recan-

358 4962 429 5005 tare.
481 4953 503 4987 ²¹
522 4952 771 5020 impijtsimis2.a.
823 4952 942 5003 ”Elius
962 4957 986 5003 3.
1006 4954 1181 5017 etsfctasro.
1228 4953 1346 5020 ³²paene
1398 4954 1420 4986 ³⁸
1438 4955 1608 5004 discrimini?
1627 4958 1653 5003 1.

361 5044 385 5102 tt
398 5056 447 5105 pro
456 5040 473 5102 l)
527 5039 550 5071 ³⁹
568 5039 645 5089 Esai.
660 5040 760 5088 Ll'lll.
774 5042 792 5089 i.
845 5037 865 5070 ⁴¹
885 5037 977 5102 μῆλον
990 5029 1141 5104 Ἡρακλῆς.
1161 5039 1262 5089 Zenoh.
1276 5040 1307 5088 V.
1320 5039 1362 5088 ⁶22.
1382 5032 1540 5104 pollendo?
