4367 6084
515 695 587 769 332
625 709 839 762 cccxxxult.
859 726 1048 761 unvaursunn
1063 726 1116 763 rino
1131 727 1259 762 nvnmsno
1272 726 1309 762 un
1321 727 1424 762 consur
1440 727 1580 762 croscum
1594 726 1761 762 ncsrousro.

577 882 678 963 [stru]
723 906 771 944 cu.
796 887 841 942 Mc
864 891 920 943 iom
940 888 1052 957 pridem
1073 886 1211 958 factionis
1230 886 1323 959 fuisse
1346 888 1529 943 Luthercuoe.
1603 903 1654 944 or.
1677 887 1814 944 Cessabiss

515 973 658 1030 factionem
675 972 828 1047 appellare:
852 991 913 1028 iram
937 972 963 1026 iu
986 973 1120 1027 nemiuem
1143 973 1250 1028 factiosi
1274 990 1382 1028 sumus:
1407 973 1504 1046 quodsi
1528 973 1654 1047 protinus
1678 974 1795 1031 iactiosn

513 1065 555 1114 cst
578 1059 624 1132 qui
647 1059 723 1131 cupit
745 1058 891 1114 instaurari
913 1066 942 1113 et
964 1057 1071 1112 restitui
1096 1057 1232 1130 quonlam,
1262 1058 1453 1113 convincemus
1475 1058 1575 1113 eisdem
1598 1058 1631 1113 dc
1654 1061 1760 1115 caussis
1784 1067 1811 1113 te

514 1159 624 1216 qnoque
646 1142 866 1198 factiosissimum
890 1143 1073 1198 Lutlrcrannm
1097 1160 1167 1197 esso.
1211 1142 1331 1197 lleminit
1354 1143 1436 1198 etde
1459 1143 1511 1198 hoc
1532 1142 1560 1198 iu
1583 1142 1809 1216 Expostulatiouc

514 1225 648 1283 lluttouns
672 1227 809 1300 quaedam:
833 1227 915 1288 „Nam
939 1235 966 1282 ct
989 1234 1032 1288 tu.
1057 1227 1161 1299 iuquit.
1186 1236 1216 1282 nt
1239 1228 1315 1300 prius
1332 1227 1454 1287 ostendi,
1478 1226 1570 1283 eadem
1586 1228 1669 1300 egisti
1684 1246 1716 1283 ac
1731 1228 1830 1302 priuss

513 1312 612 1384 „egisti
636 1329 716 1385 qnam
740 1331 781 1368 ine
804 1312 845 1368 vel
867 1313 1015 1368 bulborum
1039 1319 1118 1366 natos
1141 1311 1223 1367 sciret
1246 1312 1376 1372 muudus.
1400 1310 1464 1367 liect
1486 1329 1558 1368 nunc
1579 1329 1683 1386 purges
1705 1322 1733 1369 te
1757 1311 1810 1367 illis

513 1415 562 1456 „uc
585 1397 652 1452 nihil
675 1396 729 1452 tale
752 1396 891 1453 admisisse
915 1397 997 1451 videri
1020 1396 1096 1452 velis.
1141 1404 1169 1451 at
1192 1396 1232 1451 vel
1255 1396 1358 1451 aboleri
1382 1397 1522 1452 mavimam
1553 1404 1663 1454 tuorum
1692 1398 1811 1471 scripto-

513 1498 592 1541 ..rurn
614 1490 721 1556 partem
743 1481 896 1555 oportebit,
920 1481 961 1536 vel
983 1480 1140 1537 censeberis
1163 1491 1190 1537 et
1214 1490 1241 1537 tu
1266 1483 1384 1536 laeuone
1407 1481 1456 1536 bac
1479 1481 1708 1556 (quandoquidem
1725 1483 1810 1539 tactio

514 1566 654 1637 ..vocaturl
686 1566 719 1621 ab
748 1566 873 1621 omnibns
902 1567 948 1640 qni
980 1584 1037 1621 rem
1065 1565 1152 1639 ipsam
1180 1566 1352 1621 aestimabunt
1379 1567 1465 1639 inagis
1495 1584 1575 1639 quam
1603 1568 1695 1640 specie
1718 1585 1811 1623 move·

513 1650 659 1711 „lntntuc”
704 1650 755 1707 Sed
778 1650 886 1707 interim
910 1651 1050 1724 perpetuis
1073 1649 1199 1724 epistolis
1222 1659 1250 1706 et
1272 1650 1372 1706 libeliis
1394 1659 1551 1706 contestare
1573 1652 1664 1706 neutri
1693 1652 1807 1708 lactioni
1821 1667 1842 1704 u

514 1744 540 1790 tc
563 1735 630 1791 velle
653 1734 766 1797 involvi.
804 1753 864 1791 esse
887 1743 913 1790 te
936 1735 1130 1791 alienissimum
1154 1744 1181 1789 et
1210 1753 1317 1808 sempe-r
1345 1736 1482 1797 loturum,
1518 1736 1664 1791 adhortare
1692 1737 1726 1792 ad
1759 1737 1809 1791 hoc

513 1821 593 1876 ctiam
616 1821 716 1878 amicos
739 1819 822 1894 (quod
846 1820 939 1892 iactas)
962 1837 1140 1893 quoscunque
1162 1829 1257 1893 potes,
1286 1829 1317 1875 ut
1340 1820 1409 1876 idem
1432 1819 1545 1876 iaciant:
1573 1837 1627 1875 non
1650 1820 1759 1877 deficiat
1783 1821 1809 1876 in

512 1912 538 1960 to
555 1906 682 1978 spiritus,
705 1912 736 1961 ut
751 1913 886 1979 perpetuo
904 1904 1040 1979 imponas.
1064 1904 1177 1960 seducas
1193 1913 1220 1960 et
1236 1904 1354 1965 scribas,
1378 1904 1598 1978 quandoquidem
1614 1905 1666 1961 huc
1681 1906 1807 1960 amentias

512 1991 673 2063 promovisti
696 1989 794 2052 semel.
828 1998 857 2046 nt
880 2008 943 2064 spes
966 1989 1036 2046 ultra
1060 1988 1133 2044 nulla
1156 1989 1199 2043 sit.
1244 2006 1302 2045 ama
1325 1988 1479 2044 libertatern
1510 1999 1598 2051 tuam,
1627 2006 1679 2045 uos
1707 1990 1807 2046 Christi

512 2074 613 2130 erimus
635 2083 663 2131 ct
685 2074 718 2131 ab
741 2075 882 2148 cvangelio
905 2074 1090 2148 pcudobimus.
1817 2093 1838 2130 u

577 2154 676 2235 [tuh]
721 2176 771 2216 nn.
795 2161 856 2232 Epo
880 2162 958 2215 rideo
980 2161 1082 2214 multos
1111 2160 1232 2223 antehoc
1261 2158 1386 2213 brithere
1415 2160 1603 2214 (deditissimus
1630 2176 1708 2214 nuric
1734 2177 1806 2229 por·

512 2245 559 2299 tim
583 2260 728 2311 mussare,
753 2262 829 2301 rtuuc
850 2247 955 2315 purtim
979 2246 1084 2300 trudere
1101 2244 1261 2299 Lutheroui
1282 2245 1417 2310 nominis,
1441 2259 1558 2298 rursum
1574 2245 1716 2298 domitore
1732 2247 1808 2315 quod

512 2331 720 2400 approbabant.
788 2347 839 2385 o'r.
863 2330 918 2384 lloc
940 2329 1099 2402 praedictum
1123 2327 1274 2383 iamdudum
1298 2346 1312 2382 a
1335 2328 1444 2383 Christo
1467 2337 1523 2388 est.
1548 2328 1658 2384 tuturos
1678 2328 1725 2401 qui
1740 2337 1806 2403 post

512 2416 636 2469 Satauam
660 2415 724 2470 ituri
747 2422 839 2470 esseut
861 2422 889 2469 et
912 2413 1010 2487 quibus
1033 2413 1102 2477 odor
1124 2413 1220 2468 mortis
1245 2411 1270 2466 iu
1294 2421 1409 2468 mortem
1433 2422 1506 2468 esset
1529 2412 1712 2485 evangelium,
1744 2414 1806 2486 qnia

511 2497 589 2555 inulti
612 2508 676 2554 suut
698 2500 800 2560 vocati.
823 2499 902 2572 pauci
924 2516 987 2554 vero
1010 2497 1097 2554 electi.
1143 2497 1186 2552 Sic
1209 2506 1451 2570 repurgatoreum
1474 2514 1549 2554 snam
1565 2498 1690 2553 Christus
1712 2507 1739 2553 ct
1763 2516 1836 2552 soso

510 2592 588 2656 parat
612 2583 730 2639 triticum
753 2583 786 2639 ab
809 2583 925 2644 hordeo,
954 2599 1040 2654 agnos
1069 2581 1103 2636 ab
1132 2581 1232 2641 hmdis.
1266 2582 1355 2655 pisces
1379 2581 1466 2638 bonos
1499 2581 1629 2643 amalis,
1664 2581 1805 2637 clectosa

510 2667 657 2728 damnatis,
680 2676 708 2723 et
731 2667 826 2723 beatus
849 2667 973 2739 quinon
998 2666 1079 2721 luerit
1102 2665 1307 2721 scandalizatus.
1352 2667 1502 2722 Admodum
1532 2665 1610 2722 facile
1640 2674 1684 2722 cst
1713 2666 1804 2739 lingna

511 2752 695 2823 evangelicmu
718 2770 793 2815 csse,
821 2751 884 2806 tluru
908 2768 988 2806 ricino
1011 2751 1097 2812 laedit,
1127 2768 1208 2806 nemo
1231 2750 1363 2824 expoliat,
1394 2768 1474 2806 nemo
1502 2752 1528 2806 in
1552 2751 1712 2809 servitutem
1736 2752 1805 2805 redi·

510 2836 566 2907 git;
589 2835 634 2890 uhi
658 2854 721 2892 vcro
744 2836 776 2892 ad
800 2834 951 2914 e'rogaudas
976 2834 1119 2895 facultates
1142 2843 1251 2891 ventum
1274 2836 1371 2898 inerit,
1400 2836 1433 2891 ad
1455 2835 1618 2891 abdicandos
1641 2836 1804 2891 simoniacos

509 2938 608 2976 census
631 2929 659 2976 et
681 2920 872 2983 redditus-ad
897 2919 964 2975 male
988 2928 1132 2994 usurpatas
1155 2920 1271 2977 dccinvas
1294 2928 1322 2976 ct
1343 2921 1464 2982 divitias,
1489 2921 1522 2975 ad
1544 2937 1651 2994 pompm
1673 2927 1701 2974 et
1718 2921 1836 2976 tastusrs

510 3004 800 3078 explosioncm,‘tnuc
821 3005 906 3060 ‹lurns
929 3013 970 3060 ost
992 3005 1035 3060 hic
1058 3022 1163 3064 sermo.
1189 3013 1253 3060 tnnc
1276 3005 1372 3060 relicto
1396 3022 1429 3061 co
1451 3004 1606 3065 discedunt.
1637 3021 1727 3077 neque
1750 3023 1803 3060 am-

510 3089 582 3164 plius
604 3107 665 3145 eum
688 3090 735 3145 illo
759 3089 905 3145 ambulant.
950 3088 1090 3156 Quomodo
1114 3090 1185 3144 cuim
1208 3097 1325 3163 possunt
1355 3107 1409 3145 non
1434 3106 1561 3144 mussare
1588 3097 1616 3144 et
1645 3089 1747 3144 taedere
1776 3096 1803 3143 et

509 3175 636 3230 damnare
659 3175 705 3248 qui
728 3174 843 3248 gloriani
866 3174 1012 3230 abinvicem
1036 3174 1188 3247 accipiunt.
1217 3182 1244 3228 ct
1274 3173 1390 3246 gloriam
1414 3191 1474 3246 qum
1498 3191 1512 3227 a
1535 3172 1671 3228 solodeo
1695 3174 1802 3247 profici·

510 3260 610 3322 scitur,
635 3278 690 3316 nrm
713 3260 857 3333 qucrnnt‘t
881 3259 1018 3332 quomodo
1042 3268 1158 3332 possunt
1181 3276 1235 3315 nou
1258 3276 1380 3332 mussare
1400 3267 1430 3338 et
1446 3258 1579 3314 attaediari
1595 3259 1642 3331 qui
1658 3257 1727 3312 nihil
1743 3276 1804 3331 spc-

509 3354 583 3407 rant,
613 3345 680 3400 nihil
703 3345 812 3405 sitiunt.
843 3343 909 3399 nihil
932 3343 1041 3404 volunt,
1069 3343 1137 3398 nihil
1160 3344 1295 3399 somniant
1318 3343 1370 3398 nisi
1395 3344 1573 3417 temporaria,
1607 3360 1674 3397 vana
1704 3351 1733 3398 ct
1761 3360 1835 3399 caso

507 3430 592 3487 tinea?
897 3425 900 3430 ’

574 3510 671 3592 [cist]
716 3532 765 3571 un.
791 3514 864 3581 (tutu
886 3521 979 3570 cutem
1002 3516 1120 3579 mirum,
1154 3515 1181 3568 si
1206 3529 1257 3584 epo
1286 3528 1415 3568 recusem
1443 3528 1544 3569 nomeu
1568 3512 1703 3578 Lutheri,
1738 3529 1802 3567 cum

508 3602 554 3656 hie
576 3603 715 3656 rtemiuem
739 3601 847 3655 uideam
871 3604 920 3671 qui
940 3604 1060 3654 sustinet
1081 3599 1140 3653 dici
1161 3598 1365 3653 lutheranus?
1433 3614 1484 3654 or.
1512 3595 1582 3652 b'ilnl
1610 3597 1802 3653 contendimus

507 3685 540 3740 dc
563 3685 685 3745 nomine,
709 3684 755 3740 sed
778 3684 811 3739 de
833 3700 936 3740 caussa.
981 3683 1043 3739 ldeo
1067 3700 1130 3738 vcro
1153 3699 1208 3737 nou
1230 3680 1347 3737 debebas
1370 3682 1511 3755 evangelio
1532 3682 1715 3754 patrocinari,
1741 3681 1801 3754 qnia

509 3787 587 3830 nomo
611 3786 642 3823 cx
665 3767 832 3841 principibus
856 3777 883 3823 et
905 3767 1037 3841 phariseis
1059 3767 1146 3823 credit
1168 3766 1324 3839 evangelio,
1354 3767 1400 3821 scd
1429 3774 1534 3822 tantum
1562 3765 1640 3821 turba
1664 3766 1724 3821 lime
1747 3783 1833 3825 mass

415 3875 421 3889 ·
507 3854 619 3913 ledicta,
643 3870 703 3925 quaa
725 3869 779 3907 uon
802 3851 876 3907 novit
897 3850 1003 3923 legem?
1033 3852 1084 3907 Sed
1108 3852 1172 3925 qnid
1195 3853 1326 3924 scriptum
1350 3853 1409 3905 est?
1438 3850 1516 3912 „Nou
1545 3850 1670 3923 sequeris
1694 3849 1800 3906 turbam

507 3938 539 3993 ad
563 3937 713 3993 laciendum
736 3934 849 3996 undum.
884 3952 932 3991 nec
964 3937 990 3991 in
1020 3936 1119 3992 iudicio
1149 3935 1328 4009 plurimorum
1355 3936 1510 4009 acquiesces
1539 3935 1697 3997 sententiae,
1734 3944 1801 3990 nta

507 4039 571 4077 vcro
594 4020 710 4090 devicsss'
754 4019 848 4091 Siquid
870 4019 943 4091 trogi
966 4020 1076 4092 scripsit
1099 4019 1248 4081 lutherus,
1278 4037 1361 4094 quare
1385 4019 1420 4075 ob
1449 4020 1540 4076 odium
1566 4020 1686 4074 nominis
1709 4027 1738 4076 et
1762 4020 1800 4074 iu·

506 4105 602 4160 vidium
625 4104 814 4178 phariseorum
838 4121 891 4158 nou
915 4103 997 4159 velles
1020 4104 1181 4178 complecti?
1205 4104 1293 4179 siquid
1316 4105 1450 4160 aberravit
1473 4113 1499 4161 et
1522 4104 1631 4177 agnitus
1656 4104 1706 4159 tibi
1723 4121 1801 4167 error

507 4198 564 4251 cst,
589 4206 672 4263 quare
696 4189 747 4244 hoc
769 4205 824 4243 non
847 4189 946 4245 doces?
976 4189 1075 4262 hupins
1100 4199 1126 4244 et
1150 4189 1298 4246 sceleratus
1321 4207 1350 4245 es
1374 4190 1419 4262 qui
1444 4189 1495 4246 hoc
1518 4206 1572 4245 uon
1596 4188 1663 4244 lacis
1687 4197 1714 4244 et
1746 4197 1797 4243 tam
1807 4207 1830 4245 n

429 4304 432 4310 ·
506 4274 605 4330 trinitas
628 4273 730 4330 animas
753 4273 819 4328 sinis
842 4282 905 4347 post
929 4272 1053 4329 Satanam
1076 4275 1150 4330 abire
1172 4282 1200 4330 ct
1222 4275 1308 4348 perdi.

571 4353 669 4436 [sisu]
707 4375 756 4414 cn.
781 4358 838 4415 Sed
859 4360 935 4414 itlius
957 4375 1004 4414 res
1024 4358 1152 4431 sortasse
1174 4360 1357 4427 strumene,
1380 4365 1411 4414 ut
1433 4360 1476 4414 itti
1495 4360 1567 4414 hono
1587 4359 1625 4413 sit
1639 4357 1801 4414 lutherani

506 4446 686 4511 uocabulum,
719 4451 816 4515 utpote
843 4446 919 4515 quod
947 4445 1025 4499 illum
1048 4462 1126 4500 uurrc
1147 4445 1237 4498 solum
1260 4451 1287 4498 ct
1309 4451 1426 4499 tueatur
1454 4451 1481 4498 ct
1502 4445 1572 4498 alat.
1650 4458 1702 4499 or.
1727 4443 1799 4498 Tune

467 4552 471 4558 ·
506 4549 565 4588 tneo
590 4531 688 4587 indicio
711 4529 890 4586 stultissimus
913 4537 940 4584 ot
963 4530 1073 4585 insanus
1097 4539 1155 4585 erat
1178 4528 1326 4591 llnttcuns.
1358 4528 1404 4602 qui
1433 4546 1494 4585 curn
1516 4535 1626 4601 poterat
1648 4528 1675 4581 iu
1699 4528 1799 4600 princi·

508 4635 572 4690 pum
592 4615 662 4672 aulis
685 4615 799 4677 versari,
833 4632 893 4670 csse
921 4632 936 4669 a
963 4614 1084 4670 consiliis
1113 4631 1221 4686 regum,
1256 4621 1283 4669 ct
1311 4614 1399 4671 vivere
1428 4614 1454 4669 in
1484 4620 1597 4686 paterna
1620 4613 1826 4685 possessionen

506 4700 663 4774 tranquillo,
693 4700 744 4757 hoe
767 4699 897 4755 vilissimo
920 4707 948 4754 ct
971 4699 1082 4754 sordido
1105 4705 1211 4772 qnaestn
1236 4698 1361 4753 maluerit
1384 4697 1546 4754 sustentari:
1576 4713 1637 4751 nam
1666 4697 1730 4769 qnid
1757 4705 1796 4752 est

506 4787 577 4858 qnod
601 4785 691 4858 potnit
715 4802 745 4840 cx
769 4783 931 4839 lutheranis
954 4784 1082 4856 sperare?
1106 4783 1208 4851 Quodsi
1231 4783 1263 4839 ad
1285 4791 1419 4856 quaestum
1436 4790 1463 4838 et
1479 4782 1511 4837 ad
1528 4788 1683 4861 muneract
1699 4781 1795 4854 stipem

571 4963 665 5030 iniq]
685 4967 799 5031 Expost.
818 4967 841 5023 §-
864 4964 919 5013 175.
989 4963 1188 5014 'estimobunt
1208 4968 1265 5015 r.2.
1337 4964 1358 4997 ¹⁵
1381 4965 1500 5014 erimnus
1520 4966 1544 5011 t.
1618 4961 1637 4993 '²
1655 4963 1751 5011 tedere
1772 4965 1794 5011 t.

503 5048 612 5101 ”ledit
632 5053 655 5099 1.
707 5047 956 5099 ”allodiarihh
1009 5046 1200 5099 abPhoriscois
1220 5051 1245 5099 3.
1276 5118 1279 5130 Ι
