4367 6084
506 728 719 791 ‚cccxxxtlt
741 746 861 781 saonem
875 746 978 781 nessus
992 745 1136 781 aoveasvs
1150 747 1324 783 asennaeum
1338 750 1471 784 nvrrrnt.
1572 719 1645 790 309

662 904 712 960 l'is
733 904 851 961 consilii
869 919 980 976 expers
1001 904 1085 967 mole,
1097 904 1159 961 ruit
1178 919 1254 962 sata:

660 1003 724 1062 Vim
747 1011 939 1078 temperatam
962 1004 1007 1062 dii
1024 1019 1139 1077 quoque
1155 1004 1322 1076 provebunt

652 1102 690 1161 In
711 1107 816 1164 maias.
1593 1171 1596 1178 ,

344 1204 388 1262 Et
406 1214 504 1262 tamen
523 1205 617 1277 siquis
635 1204 806 1278 perpendat
824 1206 989 1265 libertatem
1010 1223 1079 1280 qua
1100 1215 1144 1266 est
1162 1209 1192 1265 in
1215 1208 1299 1266 libris
1318 1210 1405 1277 neeis,
1427 1210 1513 1267 eitius
1531 1211 1645 1268 alieubi

321 1319 395 1364 sine
423 1305 577 1364 damnabit
606 1286 777 1366 temeritatis
806 1324 895 1381 quam
925 1308 1098 1366 timiditatis.
1152 1308 1225 1368 Vide
1252 1325 1321 1368 uero
1347 1324 1437 1382 quam
1465 1311 1562 1368 studio
1590 1318 1635 1369 est
1643 1315 1711 1365 §.tot

346 1410 485 1481 iniquus:
505 1407 652 1465 Hutteaus
674 1409 738 1482 ipse
758 1411 840 1479 talis,
863 1411 962 1482 qualis
983 1425 1063 1467 nunc
1084 1410 1174 1467 etiam
1194 1418 1252 1481 est,
1281 1413 1342 1468 uult
1362 1409 1469 1469 ltabe'ri
1485 1410 1642 1482 formida·
1729 1422 1731 1425 ·

346 1510 427 1579 bilis,
451 1515 543 1568 elme
561 1510 760 1568 meticulosum
783 1516 880 1580 uocat,
901 1510 982 1583 quod
1002 1510 1152 1569 Casuram
1171 1527 1209 1570 ac
1228 1514 1395 1586 pontificem
1415 1519 1542 1571 metuam
1565 1515 1642 1572 citra

347 1613 478 1669 raritatis
498 1613 679 1683 eoaaqelicae
697 1611 896 1685 proditionem
905 1632 916 1678 ,·
944 1611 1031 1685 *ipse
1059 1629 1149 1684 quam
1171 1621 1247 1671 esset
1267 1611 1440 1685 Bruxellae,
1470 1630 1528 1673 non
1551 1630 1642 1673 ausus

305 1745 308 1751 ·
345 1714 473 1770 estillic
495 1727 632 1781 manere,
669 1713 749 1785 quad
766 1715 885 1778 alacer,
909 1721 942 1771 ut
964 1714 1027 1786 ipse
1051 1719 1111 1772 tum
1142 1713 1304 1782 narrabat,
1337 1716 1516 1773 occurrisset
1536 1714 1641 1774 Hoclt-

314 1821 473 1882 astratus,
495 1814 548 1886 qui
564 1823 623 1871 tum
644 1829 699 1872 nec
716 1816 806 1886 prior
826 1821 906 1883 erat,
929 1829 984 1872 nee
1005 1807 1175 1886 inquisitor,
1198 1832 1252 1874 nec
1274 1817 1342 1873 ullis
1360 1815 1447 1874 bullis
1466 1823 1520 1874 aut
1539 1816 1639 1890 diplo-

345 1918 432 1973 matis
450 1917 626 1973 instructus:
654 1916 705 1974 ille
726 1916 770 1973 sic
788 1916 935 1974 metuebat
953 1920 1143 1973 exarmatum
1165 1917 1291 1987 leonem,
1320 1924 1353 1975 ul
1377 1933 1409 1974 se
1435 1916 1628 1985 subduceret:
1640 1929 1708 1978 §.soa

344 2024 374 2076 et
390 2032 446 2089 epo
467 2017 655 2074 meticulosus
675 2031 755 2092 sum,
784 2017 813 2074 si
836 2031 894 2074 non
917 2017 1013 2075 stultis
1033 2018 1173 2075 conuiciis
1198 2017 1304 2091 ubique
1326 2033 1456 2090 proram
1477 2024 1517 2077 tot
1535 2018 1639 2089 nostes,

345 2120 398 2192 qui
414 2117 490 2175 milti
508 2124 539 2176 et
557 2125 627 2175 ante
648 2116 808 2176 Lulbaum
827 2120 905 2176 male
921 2117 1070 2187 uolebant,
1088 2134 1168 2176 rauna
1188 2123 1228 2177 tot
1244 2119 1363 2189 edictis,
1386 2125 1428 2177 tot
1447 2119 1534 2178 bullis
1551 2126 1648 2192 atque.

343 2222 432 2277 etiam
446 2220 583 2278 satellitio
598 2214 753 2277 armatos?
769 2218 930 2277 Prudentis
945 2227 989 2276 est
1001 2219 1166 2291 aliquando
1181 2227 1310 2278 metuere
1326 2237 1363 2278 ne
1378 2226 1507 2287 metuas·
1521 2222 1642 2293 quodsi

315 2333 336 2373 n
344 2320 468 2392 fecisset
486 2320 646 2390 Hutlenus,
679 2335 759 2378 nunc
780 2334 837 2376 non
861 2325 1003 2378 metueret
1022 2321 1136 2389 omnia,
1169 2320 1319 2378 sedasset
1341 2321 1453 2380 ebarus
1477 2324 1638 2395 plerisque,

297 2427 298 2432 ’
343 2421 516 2481 metuendus
537 2422 644 2479 multis.
681 2437 775 2493 neque
796 2423 935 2493 cuiquam
953 2418 1084 2491 feliciter
1098 2423 1185 2480 cessit
1197 2422 1306 2481 bostem
1321 2437 1405 2480 suum
1421 2426 1636 2496 contempsisse.

346 2524 425 2593 Ouid
444 2523 564 2582 liberius
583 2522 683 2581 libello
705 2521 744 2579 de
759 2517 921 2595 principe?
940 2537 1005 2580 mem
1027 2538 1082 2595 eqo
1103 2522 1210 2582 Carolo
1228 2523 1343 2581 Caesari
1355 2526 1385 2581 in
1403 2539 1523 2583 manum
1546 2525 1624 2583 dedi.
1637 2541 1705 2591 §.sou

343 2624 514 2684 *Halteras
535 2624 590 2682 sibi
607 2622 699 2695 sartis
720 2623 851 2697 ridetur,
873 2625 901 2680 si
920 2639 961 2680 eac
983 2627 1093 2696 aaqulo
1114 2626 1254 2698 quopiam
1273 2625 1383 2683 dictum
1405 2627 1528 2700 aliquod
1545 2628 1637 2685 iaciat

343 2729 373 2783 in
389 2726 470 2786 branc
483 2736 536 2784 aut
549 2727 580 2782 in
596 2726 680 2782 illum
690 2732 719 2782 et
732 2725 788 2782 telo
802 2724 883 2797 quod
899 2726 985 2782 aiunt
1001 2726 1129 2783 immisso
1139 2723 1252 2798 supiat.
1276 2727 1340 2784 b'on
1354 2728 1437 2785 uideo
1447 2744 1526 2800 quur
1540 2728 1627 2787 leuius
1639 2747 1705 2797 §.uon

303 2828 438 2885 manimi
458 2842 504 2884 me
527 2841 708 2899 maqnopere
724 2827 882 2898 pauitant,
906 2827 958 2898 qui
979 2826 1122 2885 bactenas
1145 2835 1186 2886 tot
1207 2828 1328 2899 morbis,
1352 2834 1393 2886 tat
1412 2829 1575 2906 laboribus,
1598 2837 1638 2890 tat

342 2928 475 2999 casibus,
509 2934 549 2986 tot
579 2927 734 3000 traqoediis
758 2925 924 2997 suffecerit,
957 2929 1010 2999 qui
1027 2935 1056 2986 et
1076 2930 1261 2987 inimicorum
1288 2930 1525 2989 maledicentiam
1551 2938 1639 3007 atque

342 3032 431 3089 ettam
453 3031 680 3101 maleficentiam
701 3035 899 3099 contemnere,
922 3030 975 3101 qui
989 3044 1060 3102 opes
1079 3045 1118 3087 ac
1136 3030 1301 3101 diqnitates¹
1318 3047 1337 3086 a
1360 3032 1530 3091 monarchis
1550 3034 1638 3091 obla·
1660 3047 1663 3051 ’
1705 3016 1707 3021 ’

343 3142 388 3189 tas
410 3146 552 3189 recusare
572 3133 759 3206 sustinuerit,
783 3133 880 3203 quiin
896 3132 985 3188 tantis
1006 3145 1109 3187 rerum
1129 3130 1252 3188 motibus
1272 3148 1309 3190 ae
1326 3135 1471 3205 periculis
1486 3150 1638 3206 nunquam

343 3233 491 3290 remiserit
515 3231 644 3291 studium
672 3231 881 3291 benemerendi
907 3232 945 3288 de
967 3230 1098 3303 publicis¹
1125 3230 1239 3288 studiis.
1289 3242 1377 3304 atque
1399 3235 1515 3290 interim
1544 3237 1638 3291 iactat

301 3349 374 3392 usse
395 3333 470 3392 milti
494 3313 617 3390 notasse
645 3333 760 3391 addere
788 3334 936 3391 animum:
967 3337 1142 3404 praestaret,
1174 3333 1202 3388 si
1232 3331 1289 3389 sibi
1320 3332 1491 3391 detraheret
1521 3336 1638 3405 aliquid

342 3437 449 3506 animi,
474 3441 503 3493 et
517 3423 645 3492 adderet
657 3434 770 3495 iudicii.
803 3435 842 3491 At
863 3434 1008 3492 Huttenus
1030 3437 1165 3490 autumat
1180 3439 1301 3489 mortem
1321 3432 1620 3506 etiam'oppetendam
1636 3445 1703 3496 osor.

340 3554 398 3612 pro
419 3539 543 3595 ueritate
564 3536 746 3607 eonnqelica.
791 3550 846 3593 nec
867 3549 920 3606 eqo
942 3536 1017 3592 istuc
1038 3547 1186 3603 ramesen,
1219 3534 1247 3589 si
1274 3535 1338 3605 quis
1367 3549 1456 3592 casas
1482 3550 1517 3591 co
1539 3543 1635 3602 aocet,-

342 3646 375 3697 al
392 3654 452 3712 pro
473 3637 602 3696 luthero
618 3651 733 3709 proque
750 3634 875 3694 Lulberi
888 3635 1062 3709 paradoxis
1084 3633 1215 3691 nondum
1236 3641 1279 3692 est
1300 3636 1418 3693 animus
1438 3640 1558 3693 mortem
1577 3652 1635 3710 op·
1674 3696 1682 3725 ι

337 3747 451 3814 petere.
485 3734 575 3797 *Non
598 3740 699 3810 aqitur
720 3737 758 3796 de
779 3740 914 3796 articulis
932 3737 1018 3808 fidei,
1045 3736 1101 3794 sed
1121 3751 1161 3792 an
1182 3737 1373 3810 principatus
1395 3736 1525 3794 Romani
1540 3754 1623 3811 pon-
1636 3745 1703 3794 §.aas

309 3843 428 3912 ontificis
448 3841 487 3898 sit
505 3856 526 3896 a
545 3839 676 3906 Cleristo‚·
697 3854 737 3895 aa
758 3840 962 3897 cardinalium
984 3838 1058 3896 ordo
1076 3839 1114 3895 sit
1135 3838 1334 3896 necessarium
1357 3838 1517 3896 membrum
1538 3842 1635 3899 eccle-

340 3945 415 4009 sia:
437 3958 477 3998 aa
499 3938 646 4011 consessio
666 3941 705 3998 sit
726 3940 764 3997 ab
785 3948 888 4007 autore
915 3940 1046 4008 Christa-
1068 3956 1108 3996 an
1127 3941 1259 4013 episcopi
1276 3941 1391 4013 possint
1410 3942 1471 3999 suis
1493 3944 1636 4002 constitu-

340 4043 467 4102 tionibus
485 4042 619 4114 obliqare
645 4042 688 4099 ad
712 4048 867 4116 peccatum
888 4044 1037 4116 capitate;
1066 4057 1107 4098 aa
1134 4040 1320 4100 adsalutem
1342 4042 1493 4103 conducat
1510 4044 1634 4103 liberum

343 4145 502 4203 arbitrium
509 4165 520 4212 ‚·
553 4160 594 4200 an
621 4145 684 4201 sala
704 4142 781 4213 fides
802 4142 941 4214 conserat
960 4145 1103 4210 saluam,-
1132 4159 1173 4200 an
1196 4143 1258 4201 dici
1275 4145 1368 4217 possit
1387 4145 1511 4218 aliquod
1531 4146 1635 4204 bonum

340 4264 415 4321 opus
429 4246 571 4312 taminia·
593 4260 633 4301 an
648 4247 737 4302 missa
752 4247 846 4318 possit
867 4247 970 4317 aliqua
992 4247 1107 4302 ratione
1125 4245 1188 4302 dici
1204 4246 1402 4314 sacrificium:
1419 4261 1480 4320 pro
1493 4246 1540 4304 bis
1553 4264 1621 4319 quae
1636 4258 1707 4309 §.too

309 4351 436 4407 usolent
449 4364 512 4406 esse
527 4347 656 4405 tbemata
670 4347 917 4418 conflictationum
932 4345 1191 4408 scholasticarum,
1207 4361 1261 4403 nec
1277 4347 1372 4402 ausim
1391 4349 1530 4419 antiquam
1548 4350 1635 4406 ailam

283 4427 292 4445 ⁶
340 4452 459 4524 eripere
481 4451 509 4506 si
525 4449 618 4507 iudea
638 4449 706 4516 sim,
730 4463 784 4505 nee
805 4448 889 4504 aelim
915 4447 946 4502 in
970 4448 1077 4520 capitis
1100 4444 1258 4502 discrimen
1283 4448 1398 4503 uenire:
1426 4450 1554 4519 aptarim
1574 4465 1636 4506 esse

342 4552 453 4609 Cltristt‘
472 4557 602 4624 martyr,
624 4551 652 4607 si
672 4550 748 4606 uires
767 4550 830 4621 ipse
848 4546 1028 4620 suppeditet,
1050 4544 1176 4603 Lutberi
1194 4556 1310 4618 martqr
1327 4562 1390 4603 esse
1408 4549 1506 4605 nolim.
1542 4548 1626 4616 auca
1637 4559 1704 4609 §.uo

341 4661 439 4711 autem
462 4667 508 4709 me
528 4648 661 4709 subduci
682 4666 702 4706 a
725 4648 912 4717 Brabantia‚
940 4647 1020 4718 quod
1045 4663 1065 4704 a
1089 4646 1182 4703 lioma
1209 4646 1356 4718 abstineo,
1391 4664 1450 4704 non
1472 4656 1635 4717 metueret,

341 4755 395 4813 sed
415 4754 587 4812 consitium:
608 4751 736 4810 sciebam
758 4766 804 4808 me
824 4751 884 4807 illic
904 4765 967 4806 esse
989 4764 1046 4806 noa
1064 4763 1167 4820 posse,
1190 4748 1250 4804 nisi
1265 4748 1474 4806 descenderem
1494 4750 1524 4806 ia
1542 4748 1636 4806 bare-

409 4885 508 4952 tipse]
529 4902 593 4936 vere
612 4880 768 4947 Erasmice,
788 4883 908 4933 sednon
927 4898 992 4930 vere
1010 4885 1159 4929 narrantur
1176 4878 1245 4928 haee.
1286 4878 1499 4932 ’Hoechstntus
1514 4886 1537 4931 1.
1580 4884 1638 4946 qni-

342 4970 408 5038 tuin]
425 4974 463 5035 Cf.
480 4970 615 5021 (barilion.
629 4971 803 5034 tlteoloqiatar.
858 4963 1215 5025 ¹⁹Ca.tt0r.0o.11.13,n.
1261 4966 1320 5014 Non
1340 4964 1406 5032 vid]
1429 4970 1500 5017 Mira
1519 4974 1560 5017 est
1579 4969 1638 5018 lime

343 5059 448 5124 proprii
467 5056 553 5105 animi
573 5054 728 5104 admiratio.
