4367 6084
517 708 590 780 308
690 723 890 776 cccxxxffl.
911 741 1029 776 uuonan
1044 741 1147 776 snam
1161 741 1305 777 nnvsnsvs
1318 741 1493 777 aestuantes
1507 743 1641 779 nurum.

371 901 375 906 ‘
446 907 513 957 §.nn
528 896 575 955 dis
593 912 682 970 quarn
704 896 873 968 rethendis
892 898 1008 956 altenis.
1035 896 1114 967 Ouid
1126 904 1222 956 autern
1242 898 1403 972 improbius
1418 916 1508 973 quom
1520 899 1682 958 Huttenum
1699 914 1823 957 sumere

514 1014 672 1056 censuram
693 1013 807 1056 ntorum
830 1014 975 1071 meorum,
999 1001 1051 1076 qui
1068 1015 1221 1072 nunquam
1239 1016 1351 1059 mecum
1369 1003 1465 1074 eqerit
1479 1001 1738 1068 consuetudinem,
1762 993 1824 1057 nisi

515 1099 596 1173 quod
606 1101 703 1157 semel
721 1102 810 1172 atque
830 1100 936 1157 iterum
958 1117 1135 1173 conpressus
1155 1102 1208 1172 sit,
1231 1108 1260 1160 et
1279 1105 1370 1160 sanet
1386 1109 1440 1161 out
1457 1103 1501 1159 ad
1520 1118 1664 1161 summum
1683 1102 1728 1159 bis
1746 1102 1821 1158 milti
1871 1162 1872 1169 ,

512 1200 609 1272 fuerit
626 1196 770 1258 contiuo?
795 1203 997 1274 pronuncient
1017 1203 1055 1261 dc
1076 1203 1205 1261 moriturus
1228 1205 1300 1261 meis
1318 1205 1375 1276 qui
1388 1202 1588 1275 familiariter
1606 1220 1644 1261 ae
1667 1203 1721 1261 diu
1744 1202 1818 1260 mila¹

446 1314 513 1364 loos.
525 1304 729 1362 convixerunt.
760 1302 872 1360 Probm
887 1304 1092 1363 institutionem
1109 1319 1220 1375 marn,
1243 1320 1339 1366 mores
1356 1305 1503 1379 improbat
1518 1311 1547 1363 et
1561 1305 1600 1362 ab
1617 1304 1724 1362 luorum
1742 1304 1835 1361 imi-⁵

515 1405 624 1462 tatione
643 1403 819 1463 dehortatur
842 1404 1022 1464 Germanos:
1044 1420 1102 1477 ope
1122 1405 1275 1464 dividatur
1296 1406 1362 1464 nme
1384 1408 1496 1464 utilitas
1519 1408 1597 1464 inter
1616 1422 1688 1476 nos,
1716 1411 1817 1462 sumat

517 1507 667 1564 Germana
687 1507 820 1564 trecentus
839 1522 859 1562 a
879 1507 960 1565 nobis
978 1509 1200 1579 institutionem,
1223 1523 1337 1566 morum
1351 1509 1508 1581 exemplar
1521 1514 1604 1581 petat
1620 1506 1659 1565 ab
1674 1505 1813 1577 Hutteno,

514 1610 608 1679 sitque
629 1605 767 1664 horitan
789 1613 879 1666 unum
907 1610 1055 1681 specimen
1083 1609 1272 1668 Germanicae
1300 1611 1507 1683 synceritatis,
1538 1624 1605 1667 curn
1632 1622 1692 1665 non
1716 1610 1815 1682 possis

514 1711 633 1768 inimico
654 1723 774 1779 nocere,
801 1708 908 1767 tatibus
928 1694 1034 1768 libellis
1054 1709 1148 1767 subito
1168 1711 1308 1783 iuqulore
1327 1712 1470 1779 ornicum,
1504 1715 1549 1781 et,
1581 1709 1664 1783 quod
1690 1717 1814 1783 superat

515 1825 627 1869 omnem
650 1809 834 1882 barbariem,
857 1827 897 1868 ee
918 1811 986 1884 ipso
1008 1811 1140 1869 amicitia
1162 1815 1250 1870 telum
1270 1827 1329 1886 quo
1348 1811 1508 1884 confodias
1529 1812 1673 1881 arnimar,
1698 1813 1777 1868 uelut
1794 1823 1842 1866 en

446 1913 611 1986 §.onmem
633 1911 714 1985 quod
733 1913 832 1983 aiunl,
854 1914 950 1970 lorum
971 1928 1104 1971 sumere:
1132 1915 1192 1970 nisi
1210 1915 1288 1971 enirn
1310 1913 1471 1972 ilultenum
1497 1915 1670 1986 complemus
1687 1910 1812 1983 fuissem

514 2029 642 2089 syncera
664 2013 877 2085 beneuolentiu,
902 2031 960 2072 non
980 2014 1106 2072 'liaberet
1126 2030 1183 2086 quo
1203 2031 1249 2072 me
1270 2015 1404 2074 laederet.
1444 2029 1616 2087 quanquam
1638 2016 1738 2087 maqis
1765 2015 1812 2072 in-

515 2117 622 2190 diqnor
640 2114 687 2173 illi
709 2115 762 2186 qui
782 2113 942 2173 Huttenum
963 2115 1022 2175 nuc
1041 2118 1205 2189 instiqauit,
1234 2116 1287 2174 cui
1306 2131 1361 2174 nec
1388 2118 1448 2191 ipsi
1466 2114 1575 2186 fuisset
1591 2114 1732 2187 facultas
1758 2130 1811 2172 no-
1852 2103 1857 2113 ’

514 2217 616 2286 cendi,
633 2216 693 2273 nisi
706 2214 816 2287 fuisset
830 2219 860 2275 in
872 2216 1115 2289 familiaritatem
1132 2218 1280 2275 admissus
1287 2238 1297 2283 ,·
1313 2234 1368 2276 nec
1384 2220 1409 2277 is
1423 2216 1624 2289 fraudabitur
1640 2233 1697 2275 sua
1713 2216 1811 2286 laude,

515 2333 605 2392 quum
623 2333 686 2375 sese
696 2318 885 2391 prodiderit,·
906 2319 1049 2377 hactenus
1062 2321 1140 2377 enirn
1161 2321 1247 2377 iuxta
1264 2321 1370 2378 cornici
1383 2319 1493 2378 dictum
1516 2318 1606 2392 ‘quod
1619 2321 1682 2377 scio
1696 2319 1810 2376 nescio'.
1822 2332 1839 2370 n

446 2430 513 2479 taos.
530 2417 593 2478 *Et
611 2426 713 2493 posteo
736 2421 851 2492 releqat
863 2436 909 2478 me
924 2422 953 2477 in
975 2436 1070 2479 meam
1088 2422 1375 2495 Galloqermaniam,
1398 2436 1488 2494 quum
1510 2421 1574 2493 ipse
1594 2421 1626 2477 in
1648 2420 1811 2478 Germania

514 2523 628 2579 rorallum
648 2520 757 2579 nabent
778 2524 873 2580 locum
888 2499 967 2580 'satis
985 2529 1092 2591 tutum,
1122 2525 1264 2598 malitque
1283 2524 1389 2598 ltospes
1413 2539 1476 2581 esse
1497 2521 1698 2580 Heluetiorum
1722 2522 1811 2578 clan-

514 2624 650 2681 cularius
671 2637 760 2694 quarn
785 2623 950 2680 Germanus
972 2624 1057 2697 aqrud
1079 2625 1243 2682 Germanos
1265 2627 1295 2683 in
1317 2627 1383 2684 luce
1404 2639 1505 2696 oque.
1539 2640 1576 2681 ne
1598 2623 1674 2696 qnid
1695 2623 1810 2680 interim

513 2731 628 2793 tanam,
647 2723 729 2795 quod
744 2721 973 2793 Bruxellenses,
990 2725 1121 2796 quisine
1135 2726 1526 2795 controuersioGallisunt,
1548 2726 1685 2798 appellat
1705 2723 1810 2781 Gallo·

513 2840 690 2898 qerrnonos,
712 2840 750 2882 ac
765 2838 810 2880 me
824 2825 969 2896 releqnte
988 2825 1164 2898 Germania,
1187 2829 1277 2901 quasi
1296 2826 1429 2886 Basileia
1451 2828 1549 2884 uirens
1570 2840 1661 2898 aqam
1685 2827 1716 2882 in
1733 2807 1840 2882 Ger-'⁰

446 2936 513 2985 §.con
526 2927 637 2984 mania.
670 2925 801 2983 Proinde
819 2924 1004 2984 silluttenus
1025 2942 1150 2999 reanum
1171 2929 1278 2988 obtinet
1297 2930 1329 2987 in
1352 2935 1412 2987 tolo
1432 2928 1608 3000 Germania,
1631 2934 1665 2985 ut
1685 2928 1732 2984 ius
1753 2924 1812 2982 luo-

515 3028 583 3087 oeat
599 3027 758 3099 releqandi
778 3043 862 3101 quem
886 3029 967 3097 uelit,
999 3029 1073 3087 milri
1099 3030 1183 3089 dehet
1203 3031 1317 3104 aequior
1343 3045 1422 3100 esse,
1456 3031 1509 3103 qui
1534 3036 1623 3087 natus
1650 3031 1706 3086 sim
1736 3029 1812 3086 inter

445 3142 513 3192 §.eos
526 3133 601 3189 ostia
621 3129 729 3198 Rheni,
751 3130 805 3187 sed
822 3130 949 3203 propior
965 3131 1073 3189 Gallice
1092 3147 1181 3204 quarn
1201 3133 1387 3198 Germanice·
1408 3146 1610 3203 necunquam
1629 3131 1718 3202 αἰτίῳ·
1733 3128 1810 3185 Ger-

515 3235 661 3305 maniam,
684 3233 744 3289 nisi
763 3233 852 3289 semel
873 3241 962 3304 atque
984 3234 1104 3302 iterum,
1129 3233 1222 3291 olriter
1246 3232 1370 3305 aliquod
1394 3234 1522 3290 invisens
1542 3231 1686 3305 oppidum
1707 3228 1811 3288 therto

514 3336 655 3405 uicinum,
688 3336 766 3391 uelut
783 3335 851 3391 olim
872 3333 1128 3405 Froncfordiarn,
1161 3351 1259 3408 nuper
1279 3333 1482 3407 Friburqum,
1513 3350 1567 3391 uec
1596 3332 1758 3390 admodum
1780 3331 1840 3387 ian

444 3443 514 3493 §.usn
526 3441 597 3495 uotis
618 3444 661 3494 est
681 3436 771 3494 altius
792 3435 920 3508 inpredi.
957 3435 1087 3494 nondum
1100 3439 1230 3507 qrouaui
1244 3437 1450 3505 Germaniam,
1460 3447 1493 3492 ‘a
1509 3452 1569 3508 quo
1585 3435 1662 3492 nlntt
1678 3447 1810 3505 unquam

513 3537 616 3609 ambli,
637 3539 697 3595 nisi
714 3543 827 3610 procat
848 3537 902 3609 qui
921 3539 982 3594 suis
1001 3536 1159 3595 sudoribus
1177 3538 1304 3596 adiuuat
1320 3539 1443 3612 publico
1464 3537 1582 3605 studim·
1604 3552 1660 3594 nec
1681 3535 1732 3593 nic
1753 3550 1811 3605 ooo

507 3655 568 3712 pro
589 3647 720 3712 tempore
742 3645 774 3695 ut
794 3653 960 3711 quenquam
980 3639 1121 3712 spoliem,
1143 3639 1198 3697 sed
1214 3646 1245 3697 ut
1264 3655 1327 3698 tneo
1348 3647 1465 3713 sumptu
1484 3640 1595 3713 prosim
1617 3637 1701 3695 bonis
1717 3637 1811 3694 literis
1836 3637 1841 3645 '

456 3727 461 3735 ’
514 3747 542 3797 et
568 3739 739 3811 eunuqelico
767 3741 897 3809 neqocio.
938 3749 970 3798 ut
999 3740 1215 3798 Germanorum
1243 3742 1403 3799 amicitiam
1431 3741 1524 3799 tibens
1550 3741 1709 3813 amplexus
1737 3752 1810 3808 sun,

417 3850 419 3853 ’
445 3843 580 3911 Μοθαϊα,
600 3842 704 3911 pratia
725 3843 856 3913 superis,
880 3843 990 3899 nullius
1011 3857 1082 3914 eqeo
1103 3841 1290 3914 beniqnitotc.
1322 3841 1387 3915 qu
1407 3857 1559 3914 nunquam
1581 3842 1693 3899 iactavi
1714 3852 1840 3897 moresu

513 3956 606 4010 meos,
628 3946 658 3997 et
678 3940 806 4011 quotidie
826 3957 893 3999 cnm
918 3943 977 4000 illis
998 3944 1102 4015 rimor,
1129 3944 1217 4001 etiarn
1239 3959 1350 4010 senen:
1376 3943 1493 4017 qoudeo
1515 3949 1613 4001 tomen
1634 3958 1699 4000 esse
1713 3955 1810 4015 puros

514 4041 553 4098 ab
573 4041 619 4098 leis
636 4042 718 4099 viciis
739 4058 807 4114 quae
828 4043 901 4100 milti
920 4045 1046 4115 turpiter
1067 4045 1169 4103 tribuit
1177 4043 1338 4116 Hutteaus,
1358 4044 1392 4102 id
1408 4044 1630 4116 quodomnium
1649 4043 1811 4101 testimonio

446 4150 512 4198 §.oon
523 4142 654 4214 probare
669 4158 805 4215 possum,
827 4143 999 4216 quibuscum
1015 4144 1214 4216 familiariter
1235 4148 1307 4204 uiui.
1324 4145 1477 4204 -Primum
1493 4144 1575 4216 facit
1592 4160 1639 4203 nte
1653 4145 1731 4203 odeo
1746 4159 1810 4200 me-

512 4245 678 4313 ticulosum,
702 4244 834 4318 adeoque
855 4247 967 4317 infirmi
979 4249 1095 4319 animi,
1123 4255 1156 4306 ut
1174 4262 1269 4306 meam
1292 4249 1385 4321 ipsius
1411 4246 1545 4305 remmam
1565 4263 1646 4320 pene
1670 4253 1808 4305 noctuam.

512 4351 544 4402 at
566 4345 712 4405 Huttenus
733 4349 897 4405 meminisse
918 4348 1003 4407 debet
1019 4351 1182 4423 plurimum
1203 4351 1343 4408 interesse
1368 4350 1447 4408 enter
1464 4348 1673 4420 fortitudinem
1702 4364 1741 4407 oc
1762 4354 1839 4405 te-ss

512 4449 675 4506 maritalem
683 4469 693 4506 .·
713 4455 827 4506 tentare
848 4449 928 4522 quod
945 4466 1003 4508 non
1020 4452 1119 4524 possis
1138 4449 1275 4522 efficere,
1297 4465 1462 4525 provocare
1484 4466 1556 4523 quos
1577 4465 1709 4523 nequeas
1722 4465 1808 4508 coer-

444 4555 511 4605 i.³⁰².
524 4565 605 4620 cere,
630 4549 777 4608 dementia
797 4557 854 4620 est,
876 4566 934 4609 non
953 4550 1113 4623 fortitudo.
1148 4558 1192 4609 cst
1209 4552 1348 4625 quaedam
1365 4553 1549 4625 qladialorio
1563 4551 1723 4623 fortitudo,
1742 4565 1809 4623 quta

419 4727 422 4733 .
512 4653 543 4708 in
566 4667 687 4709 neruum
708 4653 852 4725 erumpit·
872 4653 1040 4726 prudenter
1060 4654 1182 4726 scripsit
1201 4655 1313 4728 lyricus
1340 4661 1453 4713 noster:

581 4782 602 4815 ¹⁰
620 4774 668 4832 'En
685 4783 737 4834 τοῦ
753 4782 820 4848 βοὸς
837 4778 904 4844 τοὺς
922 4778 1053 4852 ἱμάντας.
1070 4786 1143 4841 Elui.
1157 4788 1204 4836 vl.
1219 4786 1283 4837 nno
1295 4788 1326 4837 F.
1349 4789 1401 4837 siae
1419 4778 1449 4838 iu
1463 4786 1513 4836 τοῦ
1526 4779 1575 4854 βὸς
1586 4777 1605 4852 ἡ
1618 4778 1732 4852 μάστιξ.
1751 4785 1807 4834 Mo·

513 4884 568 4917 ear.
581 4868 634 4915 111.
645 4866 687 4916 69.

579 4951 600 4982 ¹³
620 4949 673 5014 illi]
695 4954 901 5017 Eppcndorifio.
968 4953 988 4986 ¹³
1007 4955 1116 5021 comici]
1136 4957 1249 5010 Terent.
1263 4959 1333 5006 Eun.
1348 4959 1394 5007 1v.
1407 4958 1432 5006 4.
1446 4957 1487 5005 54.
1502 4973 1542 5021 sq.
1555 4957 1599 5018 „si
1619 4957 1710 5020 sapis„
1730 4953 1807 5017 Quod

511 5036 580 5095 scis,
600 5036 718 5127 pescis'k
757 5035 778 5067 ¹⁰
796 5035 892 5102 releg.]
912 5039 1027 5103 Expost.
1046 5042 1070 5098 §-
1084 5040 1143 5089 ⁴236.
1183 5040 1205 5072 ³⁸
1224 5039 1313 5106 lyris]
1333 5043 1430 5091 Horat.
1445 5056 1528 5090 carm.
1544 5042 1595 5090 111.
1608 5042 1634 5101 4,
1649 5039 1683 5090 65
1696 5057 1754 5104 sqq.
