4367 6084
486 758 734 809 ccccxxxvttt.
748 773 851 807 aansnr
865 773 927 807 aar.
941 772 978 807 ao
991 772 1075 806 urna.
1090 771 1281 807 areennonrr.
1295 773 1337 806 arr.
1352 757 1398 805 m?
1411 769 1436 804 a,
1454 765 1510 805 tuan.
1572 742 1647 814 443

358 942 387 989 tu
410 951 460 1007 pro
484 933 572 990 tribus
595 951 739 989 aureorum
763 932 876 988 milibus.
895 930 982 987 nolles
1006 930 1113 986 subire:
1143 931 1169 985 id
1198 930 1338 984 conmmde
1369 947 1428 986 snm
1446 932 1648 1006 interpretatus

357 1019 405 1074 abs
428 1026 455 1074 te
477 1019 579 1074 dictum
603 1019 761 1092 priusquam
783 1019 891 1073 dextras
914 1016 1103 1072 iunxissemus.
1142 1033 1201 1070 rnos
1225 1015 1355 1070 atrociter
1377 1016 1456 1070 etiam
1479 1034 1573 1071 rumor
1588 1035 1649 1090 per·

359 1103 427 1158 rasit
450 1111 535 1158 totam
558 1103 727 1158 Germaniam
751 1120 836 1174 usque
859 1102 891 1157 ad
914 1101 1129 1175 dquisgranum:
1164 1109 1191 1154 et
1219 1100 1270 1154 boe
1297 1100 1413 1154 comiter
1434 1103 1524 1175 accepi
1548 1103 1649 1156 missis·

359 1206 412 1260 que
436 1187 536 1243 litteris
559 1188 597 1243 sic
619 1187 773 1261 compescui
798 1204 950 1246 rumorem.
983 1194 1013 1240 ut
1036 1194 1112 1240 tuum
1141 1184 1283 1257 negotium
1311 1201 1419 1256 agerem
1448 1187 1541 1258 petitu
1569 1204 1648 1259 qnam

332 1285 457 1327 ameum.
494 1272 591 1327 deinde
615 1271 682 1327 tales
704 1290 734 1326 ac
757 1280 810 1326 tam
834 1271 912 1327 andti
935 1269 1088 1325 retulerunt
1111 1287 1189 1324 voees
1213 1277 1272 1323 tuas
1294 1268 1356 1341 plus
1378 1287 1456 1342 quam
1474 1270 1595 1333 hostiles,
1620 1279 1650 1326 ut

360 1358 402 1412 vin
424 1357 561 1430 potuerim
584 1356 625 1412 vel
648 1356 770 1411 diffidere
793 1355 984 1411 nunciantibus
1007 1354 1048 1409 vel
1072 1355 1098 1409 in
1122 1353 1219 1409 bonam
1242 1362 1346 1427 partem
1371 1353 1546 1427 interpretari
1576 1356 1648 1429 qued

360 1441 534 1496 nunciabant.
580 1442 697 1496 rumdam
722 1449 810 1495 tamen
834 1440 913 1505 libuit
935 1458 994 1495 eam
1017 1439 1222 1512 persuasionem
1245 1438 1354 1511 penitus
1376 1439 1520 1494 alernittere
1544 1440 1570 1495 in
1593 1441 1650 1495 ani·

361 1544 432 1581 mum
455 1544 557 1587 rueram,
589 1543 675 1598 nequa
700 1543 749 1598 per
771 1543 812 1579 me
836 1533 922 1580 staret
945 1525 1089 1597 quominus
1113 1532 1234 1578 mamret
1257 1530 1329 1577 sarta
1352 1524 1453 1594 gratia.
1483 1543 1513 1580 ac
1536 1543 1650 1597 prorsus

361 1619 428 1684 opto
451 1628 511 1666 esse
535 1628 599 1665 uana
623 1610 713 1665 omnia
735 1628 796 1682 qua
820 1610 884 1664 mibi
908 1609 991 1664 relata
1016 1616 1088 1663 sunt.
1132 1607 1199 1663 lllud
1229 1608 1328 1681 opinor
1357 1626 1411 1663 non
1440 1609 1601 1664 inliciaberis
1625 1618 1650 1664 te

329 1695 515 1750 indesiderans
538 1695 564 1749 in
588 1713 630 1749 me
653 1695 731 1750 iidem
755 1694 862 1766 quidem
885 1694 931 1766 qni
954 1693 1083 1748 hactenns
1106 1709 1160 1747 aron
1182 1692 1317 1747 emiserim
1339 1692 1459 1747 libellum
1476 1711 1555 1765 quom
1571 1702 1651 1767 pactu

303 1824 307 1833 .
360 1780 461 1852 recepi.
506 1779 581 1851 atqui
609 1780 660 1834 scit
689 1788 733 1834 tua
762 1779 904 1852 prudentia
927 1795 991 1848 ‚nun
1020 1786 1072 1832 tam
1103 1776 1180 1832 lacile
1208 1776 1281 1831 trasei
1311 1794 1396 1832 novos
1425 1776 1525 1839 libras,
1563 1796 1650 1851 neque

362 1864 450 1918 nescit
472 1880 527 1919 non
551 1863 692 1936 quodlibet
715 1871 905 1935 argumentum
929 1861 977 1917 tibi
1000 1879 1162 1933 congruere.
1200 1861 1266 1916 illud
1289 1869 1378 1917 autem
1402 1862 1445 1917 bie
1468 1880 1546 1918 nemo
1564 1864 1652 1919 nescit

363 1965 404 2003 me
429 1949 454 2002 in
477 1948 642 2019 castigandis
664 1948 818 2019 Augustino
848 1957 876 2003 et
899 1947 999 2001 Seneca
1027 1947 1182 2019 ceterisque
1212 1963 1272 2018 quae
1299 1954 1362 2001 sunt
1390 1947 1416 2001 in
1444 1946 1583 2009 manibus,
1613 1948 1652 2003 sic

364 2031 444 2087 obrui
467 2032 618 2093 laboribus,
648 2041 678 2086 nt
701 2033 777 2088 amici
801 2050 843 2087 me
870 2032 986 2088 clament
1015 2049 1074 2086 esse
1103 2030 1272 2104 parricidam.
1308 2031 1404 2086 deinde
1433 2031 1483 2086 iam
1513 2032 1652 2104 quaternis

331 2131 352 2169 m
364 2116 463 2172 litteris
486 2117 652 2189 elllagitatur
674 2136 688 2172 a
710 2134 753 2172 ine
775 2124 806 2171 ut
835 2117 905 2172 sieut
934 2116 1035 2187 reginae
1057 2115 1162 2187 drrgliae
1192 2115 1289 2188 scripsi
1314 2116 1499 2171 'Claristianam
1522 2117 1651 2178 uxorenr',

363 2202 400 2255 ita
429 2201 532 2262 blarite.
565 2203 679 2257 (laseris
713 2219 862 2274 germanae,
896 2202 1030 2274 quondam
1060 2200 1204 2272 ttuagarte
1233 2200 1348 2272 reginae,
1382 2200 1498 2256 scribam
1533 2201 1652 2257 'lialnam

362 2286 560 2341 Christianam'.
605 2286 671 2341 adde
695 2286 768 2360 qued
791 2286 855 2341 milri
877 2304 937 2341 cum
962 2292 1003 2339 tot
1026 2285 1157 2340 monstris
1181 2284 1373 2357 theologorum
1401 2303 1432 2347 ac
1458 2286 1652 2343 monachorum

363 2371 427 2442 inge
449 2388 480 2426 ac
502 2370 616 2444 capitale
639 2369 739 2428 bellum
763 2379 821 2426 est:
850 2371 913 2443 quid
938 2369 1048 2425 multis?
1077 2368 1100 2424 si
1123 2372 1165 2424 tei·
1187 2370 1272 2424 irater
1301 2387 1389 2432 esses,
1418 2386 1472 2425 non
1501 2370 1652 2442 potuissem
1705 2404 1710 2411 ·

363 2455 493 2510 haetenus
516 2455 565 2510 tibi
588 2455 762 2517 satisfacere;
785 2455 883 2528 quodsi
905 2454 1042 2516 licuisset,
1065 2471 1120 2509 non
1145 2454 1240 2509 luisset
1264 2471 1333 2527 opus
1362 2453 1419 2509 ullo
1448 2455 1604 2517 monitore:
1627 2455 1652 2510 id
1712 2453 1721 2466 ‘

329 2555 356 2594 ao
367 2549 409 2594 sat
431 2540 522 2610 arguit
545 2540 618 2611 quod
641 2539 667 2593 in
690 2539 789 2595 ceteris
811 2547 839 2594 et
862 2538 923 2613 plus
953 2539 1045 2594 debito
1074 2538 1190 2611 praestiti
1219 2546 1246 2593 et
1271 2547 1334 2594 ante
1365 2547 1479 2612 tempus
1523 2538 1576 2594 lam
1600 2538 1653 2594 scis

364 2624 427 2679 buic
449 2624 489 2678 rei
511 2623 616 2680 nullum
640 2623 724 2679 luisse
746 2624 936 2697 praescriptum
960 2632 1080 2697 tempus,
1110 2631 1137 2678 et
1164 2623 1298 2679 adiectum
1328 2624 1379 2679 luit
1406 2624 1437 2679 ‘si
1459 2624 1653 2707 comperissem

367 2717 393 2763 te
416 2726 448 2762 ex
470 2708 561 2763 animo
583 2709 684 2764 lactum
707 2708 839 2764 amicum!
873 2709 970 2782 quodsi
992 2725 1186 2781 prorogassem
1201 2725 1281 2781 mque
1296 2708 1418 2782 longius,
1442 2708 1654 2764 admonitionem

366 2793 490 2866 oportuit
512 2794 665 2866 praecedere
689 2791 902 2866 priusquamad
924 2794 1011 2848 minas
1033 2802 1079 2848 aut
1103 2792 1222 2855 inimicas
1246 2810 1325 2849 voces
1355 2794 1504 2855 veniretur.
1534 2803 1561 2848 et
1583 2792 1655 2848 arbi·

367 2887 471 2932 trorum
494 2887 553 2932 erat
574 2878 645 2933 diem
669 2876 820 2951 praefigere.
865 2886 892 2933 at
920 2886 1032 2933 narrant
1063 2887 1089 2933 te
1118 2895 1221 2933 meeum
1251 2894 1300 2951 per
1327 2877 1434 2933 litteras
1457 2877 1587 2934 acerrime
1610 2896 1655 2934 ex·

331 2977 356 3015 aa
367 2961 520 3035 postulasse
542 2963 576 3017 de
600 2961 726 3035 persidia,
750 2980 832 3034 quum
856 2963 887 3018 ad
911 2980 952 3017 me
976 2961 1049 3017 nulla
1073 2963 1109 3016 sit
1131 2961 1235 3036 perlata
1257 2962 1369 3035 syllaba.
1414 2962 1460 3017 ubi
1488 2963 1565 3020 loeus
1593 2981 1655 3036 per·

366 3045 449 3107 fidiae,
483 3046 529 3101 ubi
552 3046 655 3101 nullum
679 3046 867 3119 praescribitur
890 3048 1014 3120 tempns‘t
1047 3048 1100 3102 etsi
1123 3047 1313 3120 praescriptam
1337 3048 1447 3108 luisset.
1482 3065 1537 3103 non
1562 3047 1654 3104 statim

366 3139 408 3185 est
430 3131 501 3187 actio
523 3130 657 3204 perfidius,
680 3131 726 3185 nbi
748 3148 803 3186 non
826 3140 973 3204 praestatur
994 3131 1174 3204 prorrrissum:
1197 3130 1318 3203 alioquin
1342 3132 1450 3205 quoties
1472 3131 1580 3187 debitor
1600 3148 1655 3187 non

366 3224 490 3271 numerat
512 3216 652 3288 pecuniam
676 3216 707 3270 ad
730 3216 801 3270 diem
823 3215 1017 3275 constitutum.
1040 3214 1152 3270 deberet
1175 3216 1293 3270 accusari
1316 3215 1449 3289 perfidiae:
1480 3216 1655 3289 quodquam

366 3299 402 3352 sit
424 3299 569 3355 absurdum
593 3318 672 3355 nemo
696 3308 722 3355 te
745 3299 841 3355 melius
864 3300 947 3355 norit.
975 3308 1117 3372 ‘praterea
1140 3307 1297 3354 contractas
1319 3300 1351 3354 ad
1374 3300 1443 3354 diem
1465 3300 1655 3374 praescriptum

332 3384 463 3457 mreeipit
485 3385 701 3447 exeusationem,
736 3393 766 3439 nt
795 3384 919 3440 inciderit
947 3383 1059 3439 morbus
1088 3391 1134 3437 aut
1164 3382 1213 3438 alia
1243 3384 1405 3439 necessitas:
1439 3383 1495 3439 baec
1517 3385 1655 3440 excusatio

366 3469 452 3540 magis
476 3468 564 3525 valere
586 3469 667 3524 debet
689 3468 735 3525 ubi
759 3468 850 3523 trullus
879 3476 920 3523 est
951 3468 1124 3541 praestitutus
1147 3468 1212 3522 dies.
1257 3467 1310 3522 lam
1338 3468 1371 3523 de
1399 3467 1536 3524 declarata
1565 3469 1655 3524 animo

367 3562 414 3608 tuo
437 3553 524 3626 deque
546 3554 701 3609 conditione
724 3553 850 3627 promissi
875 3552 941 3608 nibil
964 3552 1120 3613 causificor,
1145 3569 1178 3606 ne
1201 3552 1291 3608 ridear
1313 3567 1426 3625 usquam
1448 3553 1569 3608 defuisse
1591 3570 1656 3608 con·

365 3637 482 3699 conliae;
513 3637 643 3693 habebam
666 3639 693 3692 in
717 3639 906 3710 animosique
930 3655 1038 3711 possem
1065 3637 1108 3692 bis
1137 3637 1262 3692 mrndiuis
1293 3637 1449 3693 satisfacere
1479 3637 1579 3710 pactis;
1609 3638 1655 3693 sed

366 3722 389 3776 si
413 3739 474 3777 reru
496 3731 561 3778 sunt
584 3740 644 3794 qnoe
667 3730 814 3778 narrantur
835 3741 849 3777 a
873 3730 926 3777 tam
950 3720 1058 3782 multis,
1087 3721 1179 3776 nescio
1202 3722 1266 3794 quid
1289 3722 1354 3777 mibi
1378 3722 1414 3777 sit
1440 3723 1604 3777 laciemluru:
1633 3723 1656 3777 si

330 3806 485 3863 aaanimum
508 3806 635 3862 hostilem
658 3808 710 3862 iam
733 3806 820 3880 palam
848 3807 1005 3867 declarasti.
1040 3806 1104 3879 quid
1132 3806 1223 3861 dicent
1251 3807 1273 3861 si
1302 3806 1371 3862 liber
1399 3806 1548 3879 prodierit?
1583 3808 1657 3880 quid,

367 3891 419 3945 nisi
442 3898 488 3946 aut
512 3899 538 3946 te
563 3900 666 3946 tantum
690 3891 865 3965 improbitate
888 3891 1003 3946 ualuisse
1026 3899 1056 3947 ut
1078 3891 1131 3946 hue
1154 3891 1277 3963 adegeris
1300 3890 1454 3953 Erasmum„
1478 3899 1524 3947 aut
1545 3909 1587 3947 me
1603 3899 1658 3947 tam

367 3976 489 4031 timidum
513 3992 573 4031 esse
595 3984 626 4031 ut
648 3976 793 4032 cuiuslibet
816 3977 946 4050 imperata
968 3975 1080 4032 inciam?
1103 3975 1183 4031 Vides
1206 3976 1304 4050 opinor
1326 3994 1384 4032 earn
1407 3993 1463 4032 rem
1487 3976 1596 4049 utrique
1612 3995 1658 4050 pa·

368 4061 435 4115 riter
449 4060 641 4116 dedecorosam
658 4062 791 4116 suturam:
815 4069 842 4116 at
858 4072 965 4135 pactum
982 4061 1075 4123 babet.
1100 4069 1130 4116 ut
1153 4062 1293 4134 negotium
1308 4070 1376 4116 citra
1391 4060 1550 4118 altenrtrius
1565 4069 1657 4118 notam

367 4146 573 4217 transigeretur.
618 4145 820 4202 lllustrissimus
843 4147 896 4201 dux
919 4146 1052 4218 Georgius
1075 4155 1154 4219 putat
1176 4146 1248 4201 inter
1271 4162 1321 4200 nos
1343 4164 1473 4202 strnnnam
1503 4164 1564 4202 esse
1594 4165 1659 4202 con·
1687 4142 1690 4150 ’

331 4229 501 4285 socordiam:
532 4229 556 4284 id
580 4231 613 4285 ad
636 4248 678 4286 me
700 4229 810 4303 scripsit
832 4231 940 4302 (paridam
964 4230 1001 4284 illi
1027 4231 1151 4285 intimas:
1182 4231 1252 4304 qnod
1283 4231 1390 4304 quidem
1419 4230 1465 4286 ille
1493 4239 1571 4305 putat
1599 4249 1661 4288 esse

364 4397 537 4404 ———...-—
552 4400 567 4404 ⁷-

435 4496 442 4527 ¹
461 4496 583 4547 millibus
603 4500 677 4547 t...3.
695 4497 743 4545 sed
758 4495 881 4544 Erasmus
899 4502 969 4543 recte
987 4493 1074 4543 milib.
1092 4495 1206 4543 seribere
1224 4494 1329 4543 solebat.
1366 4492 1376 4524 ²
1395 4495 1499 4545 ‹lextria
1520 4499 1543 4544 1.
1589 4495 1599 4527 ³
1617 4502 1658 4546 to·

367 4586 423 4629 tam
436 4580 526 4630 Germ.
547 4598 563 4630 a
582 4581 695 4630 Basilen
716 4595 801 4644 usque
827 4579 861 4628 ad
880 4579 1095 4643 Aquisgranum!
1125 4580 1188 4643 Ipso
1211 4579 1342 4627 Erasmus
1366 4593 1420 4628 non
1444 4583 1530 4628 totam
1549 4581 1659 4644 quidem

366 4664 556 4727 Germaniam,
576 4665 625 4716 sed
643 4664 743 4714 multos
761 4669 854 4712 tamen
873 4679 983 4727 qnorum
1000 4663 1124 4712 favorem
1139 4645 1269 4723 ambiret,
1290 4663 1353 4711 istis
1366 4664 1519 4712 rumoribus
1532 4679 1599 4728 quos
1612 4664 1658 4712 de·

366 4748 475 4798 latoriio
494 4751 550 4799 suis
570 4749 697 4816 epistulis
709 4749 872 4814 spargebat,
893 4746 1063 4812 expleverat.
1133 4744 1205 4811 nite]
1233 4748 1250 4795 i.
1271 4747 1449 4810 cohaerete,
1474 4749 1519 4813 qui
1540 4749 1659 4797 animam

367 4832 461 4882 debes.
492 4833 802 4884 Erasmicehaeefides
822 4838 911 4881 estet
934 4833 1091 4881 concordia.
1144 4830 1165 4863 ³⁴
1186 4826 1344 4882 faciundum
1365 4835 1389 4884 3.
1447 4831 1468 4863 ³⁰
1488 4833 1613 4896 adegerit
1632 4836 1658 4882 3.

366 4915 388 4947 ³⁶
406 4918 585 4968 dedecorsam
606 4922 629 4968 1.
650 4919 729 4967 Hunc
749 4922 914 4966 venenatum
934 4916 1089 4964 stellionem
1109 4917 1182 4965 bona
1202 4914 1254 4964 fide
1272 4918 1458 4980 praestiturum
1476 4917 1504 4966 id
1523 4917 1592 4982 qraod
1611 4918 1658 4967 da-

368 5009 477 5051 mnatus
496 5011 571 5065 erat,
591 5006 693 5053 frastra
706 5004 767 5065 qais
780 5002 995 5066 exspectaverit.
1030 5001 1132 5065 ubique
1145 5001 1242 5049 rimam
1255 4999 1454 5066 latibulumqne
1467 5002 1650 5068 investigabit

367 5085 414 5135 ubi
434 5103 451 5136 a
470 5088 537 5137 iuris
556 5087 710 5153 logicaeque
729 5086 838 5151 legibus
856 5101 917 5136 sese
936 5086 1077 5136 recondat.
