4367 6084
513 699 600 786 ,302
701 713 900 764 cccxxxln.
921 727 1042 763 sponsu
1054 728 1160 764 suasus
1172 728 1317 766 unvnusvs
1330 728 1504 765 incusantes
1519 729 1653 766 usuram.

520 887 688 961 postulasse
709 884 845 943 dictionis
864 886 1069 957 mconomiam,
1098 891 1131 943 ut
1155 887 1295 960 pontifice
1321 889 1480 946 conciliato
1504 888 1604 947 adium
1627 889 1660 946 in
1681 886 1821 960 quosdam

526 986 725 1059 transferrem
746 989 799 1061 qui
818 1003 881 1045 rem
899 1002 1011 1061 porum
1031 986 1138 1045 dextre
1157 987 1305 1060 perehant
1320 992 1437 1065 nomine
1455 991 1614 1064 pontificis.
1659 1005 1755 1061 neque
1774 995 1821 1045 ta-

526 1105 592 1148 men
611 1088 727 1161 salsum
747 1095 792 1147 est
810 1076 895 1162 quod
910 1089 1034 1163 scripsi:
1053 1087 1139 1159 sonet
1158 1091 1236 1147 enim
1250 1092 1387 1164 pontifici
1408 1093 1539 1165 quisquis
1555 1081 1641 1166 cupit
1657 1092 1742 1148 illum
1756 1105 1821 1149 ma·

526 1194 608 1251 sinte
625 1193 736 1265 florere
757 1188 871 1248 dotibus
892 1192 1069 1264 apostolicis.
1112 1193 1182 1250 licet
1199 1191 1295 1250 odisse
1308 1191 1433 1252 Leonem
1451 1200 1480 1252 et
1498 1200 1594 1252 tamen
1614 1191 1726 1264 fauere
1745 1207 1821 1266 pon-

457 1295 625 1365 §.us.tihci,·
653 1294 706 1366 qui
723 1289 809 1362 sanet
828 1291 1000 1364 malefactis
1024 1293 1212 1366 pontificum,
1241 1308 1300 1351 uon
1325 1293 1411 1365 fouet
1428 1295 1624 1369 pontificibus.
1673 1293 1779 1352 Ohiicit
1796 1301 1837 1351 ets

525 1398 594 1468 hoe,
617 1394 698 1469 quod
717 1395 796 1453 illius
817 1393 899 1454 sedis
919 1396 1106 1452 autoritatem
1128 1400 1168 1452 tot
1187 1396 1294 1454 seculis
1313 1404 1453 1469 sequutus
1473 1405 1518 1455 est
1531 1396 1611 1455 orbis
1625 1394 1820 1453 Christianus.

507 1498 613 1568 ,Quod
632 1497 743 1570 scripsi
762 1511 863 1554 oerum
885 1502 943 1567 est,
972 1503 1001 1554 et
1025 1499 1139 1554 utinam
1155 1504 1303 1570 perpetuo
1323 1507 1510 1571 sequeretur,
1538 1497 1700 1556 modaitio
1722 1504 1823 1568 aperet

526 1601 679 1673 nepoeium
703 1597 826 1656 Christi:
848 1597 995 1656 Huttenus
1008 1600 1132 1669 clamat,
1154 1598 1188 1656 id
1205 1614 1356 1672 nunquam
1375 1598 1532 1671 saturum:
1554 1608 1586 1658 at
1601 1614 1655 1658 nos
1667 1614 1822 1672 speramus

457 1714 523 1765 ssu.
536 1705 673 1771 meliora,
692 1701 860 1773 presertim
884 1700 940 1758 hoc
957 1701 1104 1785 pontifice.
1153 1697 1256 1758 Utrum
1278 1706 1375 1759 aittcm
1400 1704 1531 1761 sanctius
1550 1709 1608 1772 est,
1630 1703 1717 1774 sequi
1735 1707 1821 1758 cuto-

524 1804 641 1862 ritatem
662 1802 810 1876 pontilicis
825 1799 968 1873 Romani,
992 1817 1033 1859 an
1056 1803 1141 1874 sequi
1158 1804 1345 1861 autoritatem
1360 1798 1503 1862 Hutteni?
1525 1803 1651 1862 uamitd
1663 1803 1744 1861 hanc
1757 1804 1819 1860 col-
1834 1817 1886 1855 ut

524 1906 663 1964 lationem
685 1903 812 1961 adtribui
831 1902 941 1962 dictum
964 1902 1033 1976 hoc,
1061 1903 1310 1976 quemadmodum
1338 1910 1367 1963 et
1384 1905 1463 1963 illud
1483 1904 1563 1978 quod
1582 1904 1681 1963 ohiicit
1704 1904 1742 1963 de
1762 1920 1820 1962 au-

524 2009 640 2065 toritate
662 2004 740 2063 oriris
760 2020 904 2063 consensu
925 2009 965 2063 tot
990 2006 1099 2063 seculis
1124 2005 1333 2080 comprobato:
1359 2013 1551 2079 arpumentor
1577 2008 1656 2065 enim
1685 2001 1820 2064 dandam

527 2111 657 2180 ueniam,
685 2109 713 2165 si
738 2109 769 2165 in
796 2106 884 2165 rebla
910 2109 1106 2166 controversis
1134 2106 1218 2165 homo
1241 2122 1355 2182 parum
1378 2108 1481 2167 doctus
1501 2124 1612 2180 sequar
1633 2110 1819 2166 autoritatem

524 2211 655 2269 Romani
670 2210 819 2284 pontificis
838 2211 1040 2283 potiusquam
1063 2208 1152 2265 huius
1169 2215 1223 2267 out
1239 2210 1334 2267 itlius:
1356 2210 1538 2284 quihusdont
1554 2211 1632 2267 enim
1655 2209 1736 2268 illud
1749 2210 1821 2267 satis

524 2321 581 2387 est,
605 2319 637 2371 ut
655 2311 783 2371 credant
809 2311 890 2384 quod
910 2310 1057 2370 Lutherus
1079 2311 1173 2380 dixit,
1195 2296 1398 2388 novisima:
1425 2312 1529 2370 hacsi
1548 2310 1699 2370 Lutherus
1712 2316 1897 2385 postu-¹³

455 2427 522 2478 §.us
534 2419 590 2486 lat,
613 2415 737 2484 insanit,
760 2415 788 2471 si
803 2427 861 2470 non
873 2415 1019 2486 postulat,
1043 2414 1198 2470 insaniunt
1209 2412 1264 2471 illi.
1308 2412 1393 2471 Certe
1413 2418 1529 2472 constat
1545 2419 1649 2489 postea
1670 2412 1818 2471 Graeciam

523 2533 637 2591 quoque
659 2517 690 2574 in
705 2514 835 2573 Romani
850 2515 1000 2589 pontilicis
1022 2516 1210 2573 autoritatem
1229 2517 1421 2583 concessisse:
1440 2515 1537 2574 orhem
1550 2521 1648 2573 autem
1667 2529 1738 2572 ooco
1752 2529 1820 2571 ma-

522 2622 636 2678 ximam
658 2617 736 2675 orbis
760 2615 923 2674 Christiani
937 2622 1073 2689 partem,
1099 2618 1158 2674 nisi
1173 2615 1255 2689 sorte
1277 2615 1424 2675 Huttenus
1443 2616 1604 2690 sophistam
1627 2632 1722 2689 opens
1743 2616 1819 2674 ohii-

521 2723 579 2779 ciet
596 2718 748 2793 sciopodes
767 2717 897 2775 nondum
914 2717 1030 2776 dedisse
1045 2732 1150 2777 nomen
1164 2720 1301 2793 pontifici
1311 2717 1456 2777 Romano.
1503 2717 1667 2789 Quinetiam
1688 2719 1717 2776 si
1724 2719 1819 2791 prin-

522 2824 639 2896 cipatus
656 2821 806 2895 pontificis
827 2834 885 2876 non
908 2826 984 2877 esset
1003 2835 1023 2875 a
1047 2818 1176 2891 Christo,
1199 2827 1295 2878 tomen
1317 2819 1476 2895 expediret
1495 2835 1585 2878 unum
1607 2835 1670 2878 esse
1682 2796 1737 2893 ¹qui
1755 2832 1882 2877 cce-20.

494 2941 496 2946 ⁸
523 2926 594 2982 teris
614 2923 772 2982 autoritate
790 2916 997 2995 premineret,
1019 2921 1074 2979 sed
1093 2937 1161 2994 quae
1180 2924 1348 2994 loupissime
1366 2930 1463 2981 tomen
1486 2922 1599 2981 abesset
1615 2921 1654 2979 ah
1676 2923 1758 2979 omni
1770 2927 1819 2994 tp-

452 3039 520 3089 §.us
533 3026 671 3084 rannide.
717 3023 802 3094 Quod
823 3028 920 3081 numm
940 3023 1052 3081 alicubi
1072 3025 1193 3097 scripsi,
1216 3033 1353 3097 oportere
1374 3031 1595 3083 sacrosanctam
1612 3039 1675 3082 esse
1690 3022 1822 3080 Romani

515 3129 667 3202 pontilicis
685 3127 885 3197 autoritatem,
908 3123 986 3183 idem
1007 3139 1066 3183 non
1083 3124 1211 3183 dnhitem
1230 3126 1331 3184 dicere
1352 3125 1390 3184 dt
1409 3128 1535 3199 sinentis
1551 3127 1711 3200 episcopis,
1733 3125 1820 3183 modo
1846 3180 1864 3197 Ι

521 3247 558 3288 ne
580 3230 767 3304 proripiant
791 3229 900 3302 impia:
931 3228 991 3285 iam
1018 3227 1096 3284 enim
1125 3227 1264 3285 desinunt
1289 3244 1352 3287 esse
1378 3229 1526 3302 episcopi:
1556 3228 1618 3286 dici
1648 3229 1701 3286 tine
1722 3233 1820 3301 potest

520 3349 610 3407 quam
629 3334 797 3407 periculose
819 3331 952 3404 populus
974 3335 1126 3387 assuescat
1145 3328 1295 3403 oppederc
1318 3331 1406 3389 iussis
1431 3331 1635 3404 episcoporum
1657 3328 1713 3386 hoc
1735 3331 1859 3387 titulois

414 3479 418 3489 .
451 3448 519 3499 §.usu
531 3434 613 3509 quod
631 3437 706 3493 mali
724 3436 799 3501 sint:
826 3420 896 3490 ntae
922 3433 1000 3490 enim
1023 3447 1077 3489 nec
1099 3431 1182 3489 honis
1203 3432 1260 3489 erit
1280 3431 1359 3491 dicto
1380 3431 1515 3491 audieus.
1562 3430 1666 3490 Obiicit
1685 3436 1716 3488 et
1733 3430 1817 3500 iliud,

456 3615 458 3620 A
518 3537 599 3610 quod
618 3553 656 3595 ne
675 3542 767 3594 morte
788 3534 906 3608 quidem
929 3533 1041 3591 alieubi
1059 3534 1230 3607 scripserim
1254 3549 1300 3592 me
1321 3533 1519 3593 divellendum
1537 3549 1556 3590 a
1575 3532 1645 3591 sede
1659 3531 1817 3590 Romana:

519 3639 677 3697 dicendum
699 3638 755 3696 hoc
775 3643 843 3696 erat
860 3650 949 3710 ouum
972 3635 1088 3693 delatus
1107 3650 1212 3706 essem,
1240 3636 1321 3708 quod
1346 3636 1563 3709 conspirassem
1591 3634 1739 3692 aduersus
1766 3649 1817 3692 se-

519 3740 584 3799 dem
606 3739 790 3797 Romanam:
817 3737 892 3811 quid
911 3742 971 3795 tum
988 3731 1117 3811 postea?
1145 3752 1185 3794 on
1207 3736 1273 3796 ideo
1295 3739 1437 3809 confirmo
1458 3737 1648 3812 tyrannidem
1671 3742 1726 3794 aut
1745 3737 1817 3794 uitia

449 3835 779 3903 §.tmllomonensiumi
810 3838 902 3896 Addit
927 3854 973 3898 me
999 3839 1054 3899 hoc
1075 3820 1262 3913 impudenter
1281 3838 1427 3911 scrihere,
1455 3841 1508 3913 qui
1527 3840 1609 3898 toties
1629 3839 1816 3896 discesserim
1825 3852 1854 3891 :to

517 3958 536 3999 o
553 3943 623 4000 sede
644 3940 798 3999 Romana:
826 3941 883 3998 imo
903 3940 959 3999 hoc
979 3940 1167 4013 impudenter
1187 3941 1276 4012 finpit
1296 3940 1460 4000 Huttenus:
1487 3943 1600 4016 scripta
1621 3954 1688 3998 meo
1711 3940 1816 3998 diver-

516 4058 579 4100 sum
601 4043 772 4109 clamitant:
800 4057 855 4100 nec
879 4040 945 4099 ideo
971 4041 1095 4101 discessi
1115 4059 1134 4100 a
1155 4043 1226 4101 sede
1247 4041 1400 4112 Romano,
1427 4045 1456 4101 si
1472 4044 1611 4117 quadam
1634 4044 1715 4101 illius
1736 4042 1816 4100 sedis

515 4143 694 4220 improbavi·
713 4144 771 4202 imo
792 4148 861 4200 sunt
881 4143 959 4202 inter
973 4144 1216 4203 Antilutheranos
1237 4146 1291 4218 qui
1308 4144 1455 4205 damnant
1475 4146 1556 4218 quod
1563 4146 1721 4220 pontifices
1735 4144 1814 4204 hac-

515 4252 599 4306 tenus
614 4246 782 4305 hahuerunt
799 4247 897 4304 omnin
916 4248 1049 4320 uenalia,
1072 4264 1128 4306 nce
1148 4247 1214 4304 ideo
1236 4246 1413 4318 defecerimt
1431 4265 1451 4306 a
1466 4247 1538 4307 sede
1552 4246 1700 4304 Rornana.
1733 4248 1813 4305 alio-

515 4352 585 4423 quin
608 4357 637 4409 et
659 4348 762 4408 Caesar
781 4349 877 4407 ethic
893 4336 1036 4423 pontisas
1057 4351 1246 4408 recessissent
1267 4367 1286 4407 a
1307 4349 1377 4407 sede
1397 4348 1549 4421 Romana,
1571 4349 1624 4422 qui
1643 4350 1839 4406 consultamus

446 4464 513 4514 inm.
526 4453 563 4512 de
577 4452 714 4512 tollendis
731 4454 810 4511 illius
825 4452 909 4511 uitiis.
956 4451 1060 4510 Ohiicit
1076 4456 1106 4508 et
1127 4450 1204 4509 illud
1224 4451 1305 4523 quod
1325 4452 1436 4510 alicubi
1454 4453 1625 4526 scripserim
1649 4447 1732 4519 ‘Quis
1753 4465 1809 4506 uon

516 4556 633 4629 ‘foveat
648 4556 711 4614 cius
733 4556 885 4628 dipnitati,
914 4555 966 4627 otti
992 4552 1147 4612 virtutihus
1166 4554 1344 4626 eoanpelicis
1366 4553 1512 4612 Christum
1534 4552 1616 4611 nohis
1637 4568 1809 4626 reprtesen-

580 4794 591 4825 ⁵
609 4790 711 4858 Obiic.]
725 4795 838 4858 Expost;
853 4793 891 4852 ἕξ.
908 4790 963 4842 161.
977 4808 1017 4857 sq.
1064 4791 1074 4822 ⁸
1088 4789 1201 4856 elamat]
1216 4775 1297 4840 inimo
1310 4790 1476 4856 simpliciter
1488 4794 1574 4854 negat
1585 4789 1699 4853 Expost.
1713 4789 1738 4848 §-
1752 4781 1807 4836 loo.

513 4878 531 4912 ¹¹
551 4877 648 4945 obiic.]
666 4880 779 4944 Expost.
793 4881 816 4938 ξ.
833 4876 888 4927 161.
959 4873 1387 4940 ¹⁶Oerto]cs.1⁴]xpost.§.lss·l.
1457 4873 1663 4939 ”Exposl.§§.
1679 4867 1807 4921 177.118.

513 4964 568 5013 158.
616 4962 639 4995 ¹⁸
657 4961 760 5027 Obiic.]
780 4964 894 5028 Exposi.
908 4964 931 5022 ἓ,
947 4960 1003 5011 169.
1051 4959 1071 4991 ³¹
1091 4959 1273 5027 impudenter]
1293 4961 1346 5011 hac
1365 4977 1398 5011 ox
1416 4976 1467 5010 suu
1480 4960 1653 5011 conscientia
1667 4957 1806 5008 addidisse

511 5051 621 5099 videtur
637 5050 779 5098 Erasmus.
799 5048 834 5096 cf.
850 5049 896 5096 cit.
910 5051 934 5110 §-
950 5048 1006 5099 los.
1060 5045 1082 5078 ³⁶
1101 5044 1204 5111 Obiic.]
1224 5048 1337 5112 Expost.
1351 5049 1375 5107 ξ.
1392 5045 1448 5095 188.
1655 5037 1668 5049 ‘
