4367 6084
478 741 637 792 ccccxli.
658 757 761 791 enasset
776 759 812 792 an
826 758 989 793 oocnemrrr
1004 756 1207 792 srcncrissrna
1221 755 1263 788 ne.
1278 756 1304 788 n.
1319 748 1340 787 2.
1354 754 1448 790 nenia,
1464 748 1522 789 tcta.
1578 724 1651 794 405

354 919 407 975 iam
430 919 456 972 in
480 917 586 991 aliquot
608 915 770 990 exemplaria
793 927 959 991 propagata.
1003 917 1060 990 Ego
1075 917 1201 987 cogitans
1218 933 1264 978 ne,
1288 916 1361 988 quod
1384 933 1429 971 res
1451 924 1522 977 erat.
1546 923 1652 971 extorta

357 1003 472 1077 pecnnia
501 1011 592 1057 tumen
621 1010 686 1076 post
705 1002 844 1057 edendnm
875 1001 995 1057 libellum
1024 1003 1105 1057 ctiam
1128 1001 1346 1061 virulentioronr,
1377 1001 1469 1056 iriouui
1493 1001 1595 1056 amieos
1618 1004 1651 1054 ue

355 1087 421 1161 quid
443 1087 548 1143 darent.
593 1086 711 1158 egebant
740 1096 830 1142 autem
855 1095 970 1160 uterque
993 1087 1107 1150 misere,
1131 1087 1202 1142 sicut
1224 1086 1275 1141 hoc
1298 1084 1437 1141 homiuum
1461 1102 1547 1157 genus
1570 1083 1650 1146 solet,

354 1171 470 1228 debebat
494 1172 756 1243 uterque0animam.
801 1171 937 1226 Huttenus
960 1171 1022 1227 hine
1046 1173 1137 1227 iussus
1152 1180 1194 1226 est
1209 1171 1363 1227 discedere:
1387 1168 1506 1225 llilthusi
1523 1178 1576 1225 tam
1590 1177 1652 1239 erat

331 1257 460 1312 ⁵invisus
483 1255 622 1316 omnibus.
652 1264 682 1310 nt
705 1256 732 1309 ni
755 1255 871 1317 abisset,
901 1255 972 1311 cives
1001 1256 1171 1312 minarentur
1199 1273 1227 1312 sc
1251 1263 1433 1328 perrupturcs
1455 1254 1651 1309 monasterium

355 1340 623 1413 Augustinensium·
644 1340 671 1395 in
694 1356 749 1415 quo
772 1340 897 1396 latitabat
918 1342 1010 1397 lavore
1033 1341 1188 1397 secretarii:
1217 1340 1304 1395 media
1327 1347 1407 1394 noete
1430 1339 1557 1394 dimissus
1578 1337 1652 1393 clau·

355 1424 446 1482 culum
475 1424 583 1497 aufugit
605 1424 787 1497 Thurregiunr
815 1424 886 1498 (quae
915 1425 1010 1481 civitas
1038 1426 1221 1481 addictissimo
1249 1432 1292 1480 est
1319 1423 1451 1480 doctrinae
1479 1421 1650 1494 Zvinglianaa,

358 1527 438 1583 quarn
461 1509 598 1565 lutherus
621 1525 691 1564 nunc
713 1510 834 1570 damnat,
859 1510 991 1582 incipiens
1014 1527 1085 1565 utine
1108 1527 1171 1565 sero
1195 1509 1348 1565 meminisse
1370 1525 1384 1562 a
1408 1525 1450 1562 me
1472 1507 1556 1563 toties
1578 1524 1651 1561 coni·

355 1594 488 1650 mendatae
510 1593 662 1664 modestiae)
685 1602 713 1649 et
736 1592 791 1648 illic
814 1594 907 1667 paucis
928 1594 1024 1650 diebus
1051 1593 1190 1656 latitabat:
1220 1602 1283 1668 post
1312 1592 1417 1666 aliquot
1443 1591 1539 1647 diebus
1562 1608 1651 1646 versa·

323 1687 403 1734 totus
425 1686 468 1733 est
490 1685 565 1732 extra
587 1677 724 1734 civitatem
747 1678 816 1751 apud
840 1678 1008 1734 sacerdotem
1031 1679 1181 1751 quendam;
1204 1679 1304 1752 ubique
1328 1694 1391 1733 vero
1415 1677 1515 1732 amicos
1538 1675 1651 1731 mulcta·

357 1764 403 1818 bat
425 1762 555 1835 pecunia:
586 1762 694 1818 tandem
722 1763 882 1834 demigravit
909 1763 936 1817 iu
966 1763 1081 1819 insulam
1111 1763 1185 1819 lacus
1209 1763 1352 1836 Tvguriui,
1382 1762 1428 1817 ubi
1451 1770 1576 1817 mortuus
1598 1767 1649 1814 est.

356 1848 409 1903 Sed
431 1855 494 1901 ante
517 1855 632 1901 mortem
656 1846 772 1920 epistola
788 1847 932 1903 llutteuica
955 1848 1035 1903 etiam
1058 1847 1154 1921 procul
1171 1847 1330 1903 mittebatur
1345 1847 1378 1901 ad
1393 1845 1551 1906 Germanos,
1575 1845 1647 1918 qnod
1660 1854 1704 1903 tt.

356 1949 411 1986 nou
435 1939 548 2003 possent
571 1932 692 1986 invenire
715 1932 931 2005 typographum
959 1950 1009 1988 nec
1032 1933 1194 1993 invenisset,
1224 1933 1276 1987 nisi
1300 1930 1453 1987 scelerosus
1476 1929 1651 2003 Epphendor·

357 2016 434 2089 pius,
459 2032 542 2087 quum
558 2015 601 2070 hic
617 2014 652 2069 ob
667 2034 705 2070 aes
721 2015 838 2071 alienum
854 2034 884 2071 ac
900 2018 1070 2089 suspiciones
1086 2016 1224 2072 bominum
1242 2034 1295 2072 non
1312 2022 1407 2089 posset
1428 2015 1530 2070 diutius
1553 2013 1650 2074 vivere.

323 2099 410 2155 usuc
431 2106 565 2172 praetextu
588 2099 665 2172 quasi
687 2108 794 2173 peteret
817 2101 946 2157 Thermas
968 2101 1116 2163 badenses,
1139 2101 1331 2173 commigraret
1353 2103 1574 2172 Argentoratum.
1612 2097 1651 2152 lhi

356 2184 398 2238 vix
418 2200 499 2266 §aegre
529 2183 666 2256 persuasit
688 2185 861 2258 typographo
890 2184 957 2240 nihil
989 2202 1049 2241 esse
1077 2185 1277 2246 amarulentiae,
1306 2193 1334 2240 et
1357 2184 1454 2240 Scotus
1483 2182 1528 2238 ille
1552 2182 1650 2237 misere

356 2267 490 2323 inridebat
505 2266 653 2329 Frobenic,
677 2270 903 2342 quemadmodum
924 2270 982 2325 lere
1005 2287 1113 2332 omnes,
1137 2271 1207 2326 unde
1230 2269 1346 2327 amicitia
1362 2268 1489 2325 Frobenii
1504 2268 1570 2322 mihi
1585 2283 1650 2322 eon-

356 2353 429 2408 llavit
451 2369 574 2424 maguam
598 2352 732 2408 invidiam.
778 2354 895 2410 Tandem
918 2355 1020 2427 prodiit
1042 2354 1231 2427 Expostulatio
1255 2354 1443 2428 sycophantae.
1472 2351 1552 2425 plena
1575 2353 1705 2406 meu-es.

355 2436 451 2498 daeiis,
481 2446 512 2492 ut
538 2437 654 2509 quisque
682 2437 709 2492 in
737 2438 959 2494 contabulatione
986 2447 1165 2511 suggesserat
1180 2439 1365 2507 ‚Lutheranus
1410 2437 1467 2510 Ego
1490 2454 1551 2493 mox
1573 2452 1652 2509 para·

319 2530 447 2577 eureram
469 2521 691 2593 responsionem,
719 2523 767 2587 sed
790 2523 962 2585 adeoclam,
991 2531 1021 2578 ut
1044 2541 1093 2579 nec
1116 2523 1267 2578 Frobenius
1289 2540 1339 2578 nec
1368 2522 1466 2577 Beatus
1497 2521 1594 2582 sciret:
1624 2529 1652 2576 et

356 2606 552 2679 propemodum
574 2606 744 2661 decreveram
767 2625 904 2680 premere,
934 2608 981 2663 sed
1010 2609 1204 2681 instigantibus
1231 2608 1274 2663 his
1302 2607 1387 2663 eadsi.
1432 2606 1518 2674 Quum
1548 2606 1652 2660 interea

358 2690 517 2762 frequenter
539 2689 684 2745 internos
707 2691 888 2746 scriberemus
912 2691 1047 2748 lluttcnus
1070 2701 1098 2748 et
1121 2710 1187 2765 ego,
1212 2693 1285 2747 venit
1307 2709 1359 2747 tina
1382 2690 1498 2764 epistola
1522 2707 1582 2763 qnae
1604 2707 1651 2762 pa·

357 2773 410 2829 lam
440 2773 573 2847 prodebat
595 2774 798 2849 Epphcndorpii
827 2776 976 2850 perfidiam.
1023 2778 1114 2851 itaque
1143 2795 1203 2834 eum
1232 2785 1393 2849 gravaretur
1422 2775 1578 2848 suspicione
1601 2773 1652 2847 Ep·

357 2859 534 2932 phendorpii,
559 2859 712 2932 impetravit
734 2859 878 2933 epistolam
902 2860 935 2916 ab
958 2861 1092 2924 Huttcno‚
1125 2862 1171 2935 qui
1196 2870 1251 2917 tum
1274 2870 1333 2917 erat
1356 2860 1499 2932 Thuregii‚
1530 2875 1590 2931 quae
1612 2867 1652 2913 te·

319 2954 347 2992 25
357 2951 478 2998 staretur
499 2943 738 3016 Epphendorpium
761 2963 869 3019 semper
891 2946 1052 3002 dissuasisse
1082 2947 1180 3019 nequid
1213 2946 1345 3002 scriberet
1374 2945 1401 2998 in
1422 2943 1576 3004 Erasmum;
1605 2944 1651 2998 sed

357 3028 408 3083 hnc
431 3028 498 3082 adeo
522 3028 620 3100 frigide
643 3028 792 3090 scribebat.
816 3038 846 3084 ut
870 3031 955 3101 magis
978 3040 1102 3102 gravaret
1125 3048 1184 3085 eum
1209 3047 1288 3103 quam
1311 3029 1454 3104 purgabat.
1499 3030 1587 3100 Atque
1611 3028 1707 3082 iri-ru.

356 3112 436 3186 terim
453 3110 681 3185 Epphendorpius
703 3114 870 3169 subornabat
894 3115 941 3187 qui
964 3114 1028 3168 niihi
1052 3114 1122 3168 lictis
1145 3113 1461 3170 nonnullius'redderent
1476 3113 1580 3167 lucatas
1596 3112 1653 3185 epi·

357 3196 456 3258 stolas,
479 3214 511 3251 ex
534 3196 632 3269 quihus
655 3197 758 3253 sciebat
780 3216 822 3253 me
845 3199 1045 3271 suspicaturum
1069 3199 1132 3271 quid
1157 3197 1207 3253 sibi
1230 3197 1324 3259 vellet,
1348 3215 1397 3253 nec
1421 3205 1510 3252 tamen
1525 3194 1651 3251 haberem

356 3299 448 3336 ausam
470 3298 531 3337 cnm
554 3279 601 3335 illo
624 3282 822 3354 expostulandi.
866 3282 924 3354 Ego
945 3282 1124 3338 dissimulatis
1154 3283 1196 3337 his
1223 3283 1349 3337 omnibns
1379 3282 1404 3336 in
1428 3281 1548 3355 Spongia
1576 3277 1651 3334 illum

321 3364 475 3421 ³⁰civiliter
496 3366 624 3427 tractavi,
648 3367 755 3438 qnando
779 3368 943 3422 mentionem
966 3366 1038 3422 illius
1061 3367 1119 3422 fieri
1142 3384 1282 3422 necessum
1304 3375 1371 3421 erat.
1408 3365 1533 3420 ‘affinem'
1555 3363 1652 3437 scripsi

359 3450 511 3505 ‘llutteno'z
541 3450 579 3504 sic
609 3451 679 3506 euim
710 3451 774 3506 mihi
804 3460 991 3525 persuaserat:
1019 3460 1046 3506 at
1068 3452 1166 3507 Petrus
1188 3450 1352 3506 llosellanus
1375 3449 1444 3505 lecta
1467 3449 1587 3521 Spongia
1610 3465 1653 3502 re·

357 3534 468 3608 scripsit
490 3533 549 3602 ‘Qui
565 3534 669 3597 ailinis,
694 3553 776 3608 quum
791 3544 900 3593 constet
924 3535 999 3593 illum
1022 3553 1083 3592 esse
1099 3535 1262 3609 plebeiuml’
1285 3537 1318 3589 dt
1336 3531 1654 3589 [ascensorem-unra-

357 3636 451 3675 senem
474 3627 598 3675 nostrum
623 3621 789 3682 otleudebat,
820 3622 892 3695 quod
914 3622 1004 3677 dictus
1026 3630 1100 3677 esset
1122 3620 1252 3681 Achates,
1283 3627 1310 3674 et
1333 3609 1403 3673 edila
1428 3618 1548 3691 Spongia
1570 3635 1653 3690 espo-

357 3703 468 3759 stulavit
490 3721 539 3777 per
562 3702 669 3767 literas,
694 3706 825 3760 simulans
848 3707 945 3761 mirum
968 3706 1107 3766 allectum.
1140 3723 1221 3778 quum
1245 3704 1353 3759 iuterim
1376 3710 1470 3776 ageret
1493 3701 1650 3757 sceleratam

321 3787 485 3843 ”fabulam
530 3787 563 3842 Et
586 3785 615 3843 ut
638 3790 786 3862 perspicias
810 3790 942 3862 insignem
966 3791 1084 3846 hominis
1107 3789 1252 3849 malitiam,
1281 3807 1312 3843 ex
1335 3787 1569 3844 commendatione
1592 3798 1721 3847 meacm.

357 3872 462 3945 aceepit
484 3871 595 3926 basileae
618 3874 814 3946 quinquaginta
838 3892 945 3930 aureos.
988 3876 1131 3932 dicebatur
1152 3876 1205 3930 dus
1228 3873 1260 3930 ad
1284 3891 1325 3929 ine
1348 3873 1454 3929 misisse
1484 3868 1580 3928 ieiunus
1610 3889 1651 3926 re-

356 3955 433 4036 gale,
464 3956 536 4029 quod
570 3965 659 4011 tamen
689 3974 742 4012 non
774 3958 907 4031 perlatum
931 3969 987 4022 est;
1017 3961 1171 4034 snspicatus
1194 3978 1254 4015 sum
1277 3957 1514 4033 Eppheuderpium
1537 3957 1653 4013 interec-

356 4041 443 4114 pissc:
467 4057 527 4095 uam
551 4039 670 4113 lingebat
692 4059 770 4097 sonui
794 4043 923 4099 famulum
946 4046 1049 4118 perisse
1073 4046 1099 4100 iu
1123 4045 1235 4105 itinere:
1259 4045 1310 4100 hoc
1333 4043 1514 4117 praestruebat
1537 4043 1560 4097 si
1581 4042 1652 4097 lortc

357 4124 500 4180 rescissem
523 4124 555 4179 ad
578 4143 620 4180 nie
643 4126 752 4182 missam
775 4128 931 4201 pecuniam:
956 4130 1074 4185 nondum
1098 4130 1161 4202 quid
1186 4130 1221 4184 sit
1243 4137 1347 4185 eertum
1371 4128 1447 4202 potui
1471 4145 1653 4200 cognoscere;
1692 4129 1696 4136 “

423 4391 514 4442 ²Post
533 4392 614 4442 rirul.
634 4395 761 4443 exciderit
780 4398 910 4441 curarent
928 4397 966 4442 oei
981 4396 1059 4443 eirrrite
1078 4395 1146 4458 preld.
1230 4392 1250 4423 ¹⁸
1269 4388 1377 4455 Scottis]
1398 4391 1495 4441 Schott.
1565 4390 1587 4422 ²⁹
1607 4409 1654 4442 aii-

356 4475 424 4541 som]
446 4479 477 4526 Irr
497 4480 521 4526 1.
541 4476 611 4526 est*
629 4479 726 4528 Sextus
746 4493 858 4527 caricem
875 4495 896 4526 s.
917 4481 1017 4526 iustam
1037 4491 1159 4526 causum.
1213 4475 1234 4507 ³²
1253 4475 1359 4525 Corebo
1372 4475 1542 4524 Thrasonem
1563 4478 1586 4524 1.
1606 4478 1654 4526 Sa·

354 4568 414 4612 cius
440 4579 491 4627 per
519 4564 688 4625 ignorantiam
716 4563 847 4625 prouerbii
869 4561 993 4610 Coroebo
1016 4561 1128 4609 stultior
1152 4557 1326 4623 (cl.Erasmi
1345 4559 1433 4623 Adag.
1452 4560 1495 4607 Ff.
1513 4558 1585 4608 toro.
1606 4560 1654 4608 sol.

356 4665 381 4712 p.
395 4647 466 4710 tut.)
485 4648 636 4696 rovriertmo't
655 4646 706 4695 hoc
725 4646 839 4694 verbum
854 4661 905 4710 pro
924 4645 1039 4694 Corebo.
1070 4641 1216 4708 Κοροίβου
1234 4633 1421 4708 ἠλιθιώτερος
1434 4644 1536 4692 Zenob.
1551 4645 1599 4692 IV.
1613 4643 1654 4693 58.

355 4733 523 4797 Diogeninn.
539 4732 570 4779 V.
587 4731 625 4778 12.
641 4736 669 4780 et
681 4728 723 4779 56.
743 4729 977 4779 Coroebo-'l'hraso
997 4733 1069 4795 qnasi
1086 4730 1185 4778 diceres
1205 4729 1352 4778 Germanice
1370 4727 1419 4775 der
1432 4727 1545 4776 olbcrne
1559 4728 1655 4777 Prohl-

355 4817 425 4865 hans
443 4816 503 4878 (der
521 4816 660 4864 bomierte
680 4815 813 4878 l'oltron).
865 4813 887 4844 ³³
905 4812 1036 4878 Achates]
1056 4813 1204 4862 fidissimus
1216 4813 1318 4862 Aeneae
1339 4826 1437 4861 comcs.
1492 4811 1514 4842 ³³
1532 4812 1565 4860 50
1584 4810 1655 4877 aur]

356 4901 452 4965 Siquid
470 4902 530 4966 ipsc
544 4899 743 4949 contribuisset
756 4890 929 4964 (impolitique,
949 4900 995 4948 vix
1014 4899 1158 4947 tacuisset.
1219 4896 1244 4949 .³⁷
1262 4898 1420 4961 strspieetus
1434 4894 1504 4961 suari]
1524 4898 1657 4946 inhmnnaa

352 4987 502 5048 [dualitate.
523 4985 558 5059 cf.
580 4983 667 5046 ipsius
679 4984 788 5033 Ernsmi
808 4984 943 5048 epistulas
963 4983 1061 5047 ‹prihns
1081 4984 1109 5031 in
1129 4982 1193 5031 edit.
1214 4980 1456 5046 Lngdfflahllllb.
1478 4981 1525 5030 lol.
1551 4983 1656 5031 muneri

356 5084 530 5119 ncccxxvnr.
546 5074 574 5118 et
588 5082 716 5117 ccccxci.
737 5069 984 5134 superscribuntur.
