4367 6084
481 747 655 799 ccxxx1x.
670 765 755 798 conor
769 764 805 798 ao
818 761 957 797 caucana.
971 761 1014 794 ee.
1036 743 1140 796 CCXL.
1154 759 1237 794 riori
1250 759 1372 796 serram
1388 754 1638 795 operaremini.
1659 730 1702 801 51

420 950 567 984 cononis.
672 940 680 946 ·
908 912 1217 989 CCXXXVIIII.
1420 930 1608 996 [ueremni.
1621 931 1690 998 uie]

899 1067 1061 1147 [simois
1083 1066 1223 1146 connis]

853 1177 1035 1226 ioicnnro
1055 1175 1267 1227 citissimo

659 1230 845 1334 owse-[om]
868 1276 1067 1323 Doc'rrssm'o
1091 1281 1202 1322 IVVENI
1226 1281 1286 1322 SVO
1311 1280 1411 1321 CORDI
1435 1281 1462 1322 8.

313 1425 324 1461 5
496 1402 626 1463 Falleris.
650 1402 796 1462 loaclrime,
825 1402 846 1456 si
869 1402 941 1456 serio
965 1410 1052 1458 tecum
1072 1410 1195 1456 acturum
1217 1400 1334 1455 Cordum
1350 1394 1497 1455 'alisentem
1519 1401 1620 1456 croilis:
1651 1420 1706 1459 non

359 1490 503 1543 desino
534 1506 585 1560 pro
613 1506 672 1543 nica
700 1496 789 1541 vetere
817 1486 1012 1541 consuetudine
1042 1486 1165 1559 ineptire.
1214 1485 1315 1558 Scripsi
1340 1485 1387 1540 tihi
1415 1503 1502 1558 nuper
1529 1486 1629 1541 litteris
1651 1488 1736 1542 llo-⁸

361 1573 512 1644 guntiae
535 1572 606 1626 datis
627 1589 714 1627 mores
738 1570 867 1644 ineptias.
889 1588 984 1645 nempe
1008 1572 1040 1625 de
1059 1571 1191 1625 niouncho
1209 1569 1370 1625 ‹liscalreoto
1389 1571 1529 1641 luuigero:
1552 1572 1615 1643 quid
1634 1572 1705 1628 enim

364 1658 472 1712 [siles
491 1657 618 1712 monarlii
632 1665 696 1711 sunt
712 1664 813 1728 prmter
828 1672 915 1709 nicius
932 1656 1066 1728 ineptias‘l
1089 1655 1123 1709 lle
1142 1655 1321 1727 ineptiorilms
1342 1655 1391 1710 iam
1413 1654 1510 1715 scribo.
1529 1656 1656 1711 nimirum
1672 1658 1705 1711 de

371 1741 551 1814 theologis
567 1741 782 1796 coloniensibus.
818 1738 869 1793 Eos
888 1740 910 1793 si
928 1749 957 1794 tu
975 1738 1121 1798 ‘czirnnles'.
1144 1748 1174 1793 ut
1191 1740 1320 1793 hactenus
1336 1739 1474 1813 plerique.
1492 1732 1704 1800 cretico-ais:

306 1846 343 1886 io
372 1827 448 1881 sed
478 1826 535 1880 iarn
559 1824 732 1899 ‘spirituales'
758 1823 819 1878 illos
842 1824 928 1879 laotos
951 1825 1062 1897 speras?
1098 1824 1194 1878 iterum
1220 1822 1330 1877 lalloris.
1376 1824 1430 1879 utri
1456 1824 1540 1896 igitur
1568 1824 1622 1879 sint
1650 1842 1705 1880 nim

372 1911 511 1984 quaeris
539 1910 643 1965 scilicet
670 1926 729 1965 cum
753 1907 871 1962 aridioris
891 1926 951 1962 esse
974 1917 1096 1963 rreutros.
1143 1906 1264 1975 ‘Quinam
1284 1926 1351 1981 orgo
1371 1909 1465 1964 suntl’
1495 1909 1593 1982 inquis.
1638 1909 1704 1964 lieri

372 1995 506 2049 ossarii
533 2003 612 2049 sunt:
646 1993 713 2047 nihil
735 1994 806 2047 enini
830 1992 871 2046 liic
892 1993 992 2048 colitur
1014 2002 1124 2066 praeter
1145 2011 1222 2053 ossa,
1251 1992 1352 2050 serico.
1381 1990 1447 2047 auro
1470 2002 1497 2047 et
1519 1994 1633 2065 gemmis
1657 1994 1705 2048 im-

376 2080 523 2152 plicata,
557 2087 638 2151 atquc
661 2086 714 2132 tuin
735 2076 832 2136 multa,
862 2084 892 2130 ut
915 2077 1004 2132 orirnia
1028 2077 1197 2131 caelaverat-ia
1218 2076 1351 2149 expilasse
1377 2078 1444 2132 istos
1467 2086 1555 2149 putes.
1599 2078 1704 2133 videres

381 2163 517 2236 plebem
547 2163 696 2236 supplicem
723 2162 796 2216 liisce
827 2161 907 2232 nugis
936 2180 965 2215 so
995 2161 1143 2216 :iilvnlrere
1194 2160 1264 2215 Nihil
1288 2162 1331 2216 hic
1357 2161 1469 2233 dignum
1499 2170 1622 2235 spectatu
1652 2162 1703 2216 ridi

317 2268 359 2306 is
390 2257 513 2320 prmter
538 2256 593 2302 tres
616 2264 702 2318 reges.
745 2246 790 2300 soil
816 2248 900 2318 qnos?
934 2247 1059 2301 conntom
1082 2245 1275 2304 Neuenarium,
1297 2246 1441 2301 lliusarium
1465 2254 1492 2300 et
1517 2247 1642 2309 Soliium;
1671 2247 1704 2302 de

382 2331 466 2385 aliis
491 2331 560 2385 niliil
584 2331 648 2385 milii
670 2338 792 2384 constat:
826 2329 897 2384 rnalo
921 2339 1008 2385 tauron
1037 2330 1148 2385 credere
1172 2348 1251 2403 quam
1274 2331 1324 2384 uri.
1375 2330 1599 2407 Egolcralirones
1622 2349 1704 2404 quos·

382 2418 482 2475 dam.
515 2432 570 2470 non
593 2415 663 2471 enim
686 2432 797 2488 possum
822 2433 837 2469 a
863 2415 982 2488 nequitia
1010 2415 1164 2474 discedere,
1198 2415 1397 2470 nudiustertius
1423 2414 1555 2486 exagitari
1584 2416 1703 2471 carrarine

387 2501 541 2573 quodam:
570 2498 672 2572 placuit
689 2499 740 2554 hoc
758 2499 909 2554 Nouenario
928 2508 955 2554 ct
978 2517 1038 2555 esse
1060 2501 1201 2571 egregium
1221 2499 1355 2554 iudicarit.
1397 2500 1523 2555 llutatam
1544 2517 1604 2555 esse
1624 2501 1703 2554 nobis

390 2585 439 2639 ‹lc
464 2586 583 2657 petenda
599 2584 705 2639 Lutetia
728 2583 890 2639 sententium
909 2584 979 2638 lorte
998 2582 1093 2656 Opcrci
1113 2583 1211 2639 litteris
1231 2585 1318 2639 luctus
1333 2603 1362 2639 cs
1380 2584 1494 2639 certior:
1519 2601 1622 2639 caussae
1639 2593 1704 2639 sunt

324 2687 368 2723 eo
395 2668 517 2728 multae,
545 2669 591 2723 sod
616 2668 657 2723 lue
678 2668 835 2741 precipua,
859 2669 932 2740 quod
954 2668 1102 2724 certamina
1122 2684 1218 2740 magna
1239 2669 1363 2725 oriantur
1384 2670 1455 2724 inter
1475 2667 1566 2723 Gallos
1590 2678 1619 2724 et
1638 2672 1703 2723 Gor·

395 2770 519 2807 manos:
552 2771 612 2808 acrc
637 2752 735 2807 liellum
760 2760 885 2807 minetur
910 2753 1038 2807 altrorsus
1061 2752 1208 2812 Censorem,
1237 2762 1317 2826 atque
1342 2772 1402 2809 esse
1425 2772 1439 2808 a
1460 2752 1542 2809 Gallis
1572 2762 1702 2809 tentatam

397 2837 504 2894 nubem
526 2837 644 2893 noliilem
667 2837 758 2892 Leodii
782 2837 924 2892 nuntiatur
944 2836 1020 2891 scriis
1046 2837 1232 2909 poselialilms.
1263 2856 1341 2911 quam
1364 2856 1413 2911 per
1436 2839 1546 2893 insidias
1569 2857 1700 2913 occupare

394 2923 498 2976 eonati
520 2922 561 2976 illi
586 2923 676 2984 incre;
709 2939 824 2994 quormn
850 2922 876 2975 in
898 2922 965 2976 urbo
990 2921 1166 2978 consiliorum
1190 2923 1336 2996 participes
1360 2924 1412 2978 ianr
1435 2922 1575 2997 suppliciis
1598 2923 1702 2978 meritis

397 3006 477 3061 aldci
498 3007 635 3062 dicuntur.
687 3023 819 3079 nusquam
846 3005 979 3060 iri-Gallia
1007 3008 1058 3061 tuti
1082 3024 1204 3061 essemus
1231 3008 1330 3061 lnturi:
1376 3025 1458 3080 spirare
1482 3007 1583 3062 ltaliam
1608 3017 1701 3081 petere

332 3097 377 3138 rt»
400 3090 590 3151 «lecrevimus,
620 3091 692 3164 quod
716 3091 768 3145 iter
789 3091 907 3145 crastina
935 3090 994 3145 lucc
1019 3091 1123 3162 ingredi
1146 3091 1347 3163 cogitabanms.
1382 3093 1453 3164 quod
1485 3091 1539 3147 illic
1567 3101 1594 3146 et
1625 3091 1701 3148 locus

401 3176 494 3229 tutior
515 3176 551 3230 sit
572 3184 600 3230 et
627 3175 764 3230 medicine
787 3175 907 3230 stnilimu
936 3175 1087 3230 llorcntius.
1136 3176 1170 3230 lle
1196 3175 1285 3231 Ulrico
1310 3176 1416 3232 lluteno
1445 3176 1535 3230 serilio
1562 3177 1641 3248 plura
1669 3177 1700 3231 ad

404 3256 596 3321 l'orlrcrmum,
629 3259 674 3332 qui
698 3277 760 3313 snas
788 3259 845 3313 sinc
868 3259 950 3314 dubio
974 3259 1079 3314 litteras
1104 3268 1191 3315 tecum
1214 3260 1423 3315 communicabit
1449 3269 1477 3314 et
1497 3266 1525 3313 tu
1550 3259 1597 3313 lias
1618 3260 1651 3314 ad
1675 3269 1701 3314 te

401 3360 468 3397 ram
491 3345 558 3417 ipso.
606 3345 646 3398 Tu
669 3345 742 3400 liiscc
765 3344 837 3403 vale.
867 3353 893 3398 et
917 3343 1001 3399 lilium
1030 3361 1119 3399 memn
1145 3362 1249 3398 summo
1274 3345 1491 3399 commendatum
1520 3343 1604 3405 halae:
1639 3362 1701 3398 curn

406 3434 441 3479 tu
462 3430 571 3484 omniuo
595 3427 716 3501 capellas
739 3446 803 3488 oro.
833 3437 859 3482 et
885 3431 995 3502 potorn'a
1018 3447 1099 3488 cura,
1129 3429 1152 3481 id
1176 3428 1248 3500 quod
1276 3429 1357 3488 laris.
1381 3429 1498 3499 corrige.
1536 3427 1607 3482 Vale.
1651 3429 1701 3484 Co·

342 3515 388 3557 ³0
407 3508 504 3566 leniae.
549 3513 641 3569 Saluta
663 3513 762 3568 ariiicos
785 3530 887 3569 ornnes.
1419 3512 1548 3567 Euricius.

629 3686 631 3689 ·
709 3660 866 3710 CCXXXX.
888 3663 934 3710 cit.
950 3661 1060 3711 Libellus
1081 3653 1175 3709 illinus.
1197 3661 1254 3710 foll.
1268 3664 1292 3711 Ι)
1305 3659 1344 3711 8¹¹.
1359 3663 1402 3711 Et.

934 4033 1164 4109 ooxxxx.
1440 4011 1669 4120 ama.

1428 4127 1698 4142 ⁶——

722 4207 754 4263 H
760 4209 984 4264 VLDERICVS
1005 4211 1037 4265 H
1044 4211 1175 4266 VTTEN
1181 4210 1226 4266 Vs
1246 4212 1383 4268 POETA.

491 4340 679 4411 Iiileperrime
702 4345 798 4398 iudom.
838 4344 900 4399 Nou
925 4347 982 4400 olio
1005 4350 1117 4401 ratione
1136 4350 1250 4417 primus
1272 4364 1321 4419 epo
1343 4365 1420 4415 siim,
1449 4368 1535 4421 quom
1558 4354 1636 4422 quod
1656 4370 1699 4409 me

419 4478 572 4489 Ἣ,
580 4483 607 4488 n

472 4556 481 4586 ²
500 4557 606 4605 Cordus
620 4559 722 4606 Stirrzii
742 4561 768 4606 in
789 4562 888 4608 itincre
908 4576 999 4611 comcs
1013 4577 1066 4611 non
1086 4564 1126 4611 ita
1144 4563 1227 4628 longo
1246 4569 1307 4626 post
1326 4565 1354 4612 in
1373 4563 1485 4613 ltaliam
1503 4566 1644 4628 proiectus
1663 4586 1697 4619 m.

414 4636 475 4687 Iulio
489 4641 577 4690 einsd.
593 4644 657 4690 srini
672 4643 806 4693 Fcrrorim
821 4645 964 4694 medicinae
983 4646 1099 4705 studuit,
1120 4646 1181 4694 dnm
1195 4648 1318 4695 Sturzins
1331 4646 1458 4696 Venetiis
1471 4657 1632 4700 moraretur.
1653 4652 1696 4702 cf.

413 4721 503 4793 laten.
524 4742 586 4774 nov.
607 4727 631 4775 l)
645 4727 661 4771 li
679 4743 736 4791 sqq.
769 4726 794 4776 ,⁴
808 4728 983 4778 Camerarius
1008 4731 1168 4789 (Goroionicc
1187 4730 1395 4791 Komomnctster)
1416 4732 1488 4781 inter
1507 4733 1611 4783 anricos
1633 4750 1698 4785 suos

413 4806 558 4866 Qiiiustoris
572 4812 682 4860 nomino
696 4812 899 4876 appellabatur.
946 4814 956 4845 ⁹
971 4811 1110 4877 eiunalos]
1126 4813 1168 4862 Cf.
1183 4814 1255 4861 inira
1268 4814 1349 4878 Rosp.
1365 4815 1399 4863 ad
1413 4815 1575 4880 Apol.Croti
1588 4834 1613 4868 a.
1624 4820 1702 4872 1532.

413 4888 429 4919 ¹⁹
446 4892 555 4959 Operci]
577 4895 678 4944 Sturzii
730 4894 751 4926 ²⁷
770 4897 918 4959 Georgium
937 4900 1048 4947 lleltmn
1068 4914 1088 4946 S.
1102 4900 1173 4947 llolil
1191 4897 1394 4960 l'orclremium,
1420 4900 1574 4952 Camorarii
1592 4906 1697 4971 Lipsius

411 4983 617 5042 preceptorem,
639 4980 683 5041 qui
703 4981 730 5028 iu
750 4979 887 5044 colloquio
905 4983 1045 5046 Lipsiensi
1066 4983 1255 5047 respondentis
1274 4982 1363 5032 locum
1382 4985 1510 5034 obtinuit..

476 5060 498 5092 ³²
517 5061 663 5127 Philippus
675 5064 848 5128 Engontinus
863 5065 1042 5129 (Enpellireelet
1056 5083 1102 5115 eron
1116 5067 1226 5133 Eripere),
1241 5068 1286 5131 qui
1300 5068 1416 5119 Hnttoni
1430 5071 1589 5121 coniuratus
1603 5076 1696 5141 appel·

1431 5158 1479 5216 ir
