4367 6084
339 727 352 742 .
418 693 633 746 cccxxxnn.
653 707 843 743 anvnnrnnsn
857 706 909 742 rao
923 705 1053 741 avanano
1066 705 1103 740 an
1116 705 1220 740 anasur
1235 705 1376 740 seonurau
1393 705 1557 740 naseonsro.
1596 673 1669 745 327

437 862 511 944 [in]
556 883 606 924 nn.
639 865 735 922 Huius
764 867 912 938 trnpoedioe
938 865 1128 936 proboerninm
1160 866 1262 919 extitit.
1335 880 1386 920 on.
1421 862 1516 919 Extitit
1538 882 1669 938 prorsus:

370 952 519 1027 oportebat
541 953 613 1008 enirn
635 950 700 1008 belli
723 952 858 1024 quoddam
880 950 1029 1024 auspicium
1053 967 1127 1012 esse;
1150 949 1254 1004 latinam
1277 957 1366 1003 autem
1390 949 1559 1004 occasionem
1584 959 1612 1005 tu
1628 967 1670 1003 re-

370 1036 515 1098 scidisses,
539 1037 612 1110 quod
636 1036 737 1110 optimc
759 1043 884 1109 poteras
914 1043 941 1090 et
964 1034 1036 1090 illam
1060 1051 1114 1089 non
1137 1051 1237 1108 passus
1258 1033 1357 1088 luisses
1379 1033 1512 1089 dominari
1536 1033 1587 1088 sibi
1610 1035 1670 1107 pbi-

372 1121 498 1183 lautiam‚
522 1138 575 1195 qua
597 1139 654 1195 prae
677 1128 703 1176 te
727 1138 821 1176 omnes
844 1121 991 1175 Germanos
1014 1119 1174 1175 ceratemnis.
1460 1165 1469 1182 ,

349 1221 362 1259 s
439 1201 513 1283 [aa]
560 1223 609 1262 nn.
633 1205 681 1261 Me
701 1212 863 1277 precatura
886 1210 960 1259 esset
981 1206 1103 1260 invidia.¹
1163 1219 1214 1259 or.
1238 1202 1285 1258 Vel
1302 1203 1492 1276 hincapparet
1509 1203 1669 1275 quoanimo

374 1292 401 1346 in
425 1290 573 1346 Germanos
596 1291 642 1346 sis.
688 1290 733 1346 sed
763 1307 827 1345 num
857 1289 916 1344 ideo
945 1288 1066 1363 reppulit
1094 1297 1252 1362 peccatores
1274 1296 1303 1342 et
1324 1286 1482 1360 publicanos
1505 1305 1519 1341 a
1543 1305 1572 1342 se
1594 1286 1670 1342 Clari·

372 1384 446 1436 stus,
476 1376 538 1448 quia
569 1372 666 1430 invidia
689 1375 827 1447 gravaturi
850 1381 927 1429 erant
950 1375 1019 1447 apud
1043 1372 1200 1447 pontifices,
1228 1372 1380 1428 Pharisaeos
1403 1380 1430 1427 et
1453 1372 1598 1444 optimates
1621 1373 1669 1427 sc?

374 1459 498 1515 llaeeeine
520 1467 563 1515 est
585 1459 630 1515 illa
653 1460 776 1516 doctrina
801 1468 860 1520 tna,
889 1476 941 1532 qua
964 1459 1045 1514 doces
1068 1475 1247 1531 personarum
1271 1465 1424 1531 respectum
1447 1456 1517 1530 apud
1541 1455 1669 1511 Christia-

375 1562 426 1600 nos
449 1544 672 1619 superstitiosum
695 1562 769 1605 esse,
800 1543 934 1599 neminem
957 1560 1018 1598 csse
1039 1543 1283 1602 contemnendum.
1308 1551 1335 1596 et
1357 1542 1459 1597 animas
1482 1542 1545 1596 esse'
1565 1558 1669 1615 ponen-

337 1642 361 1681 n·
372 1629 421 1684 das
443 1645 495 1701 pro
519 1628 668 1684 fratribus?

436 1707 523 1790 [att]
568 1730 618 1769 aa.
648 1713 761 1784 Scripsi
783 1713 910 1768 Hatteno
940 1728 1032 1766 meam
1060 1714 1187 1767 ‹anirnnrn
1215 1713 1321 1767 nrdlins
1349 1713 1418 1766 mati
1443 1712 1498 1766 sibi
1524 1713 1668 1766 conscium

371 1812 441 1852 ease.
508 1814 558 1854 or.
582 1797 777 1871 lloc‘primum
801 1798 939 1870 retugium
962 1806 1004 1851 est
1027 1796 1208 1856 lrarrdulenti,
1233 1805 1344 1852 nterim
1368 1796 1450 1851 luerit
1472 1796 1667 1869 deprehensus,

371 1881 442 1937 dieat
466 1891 529 1938 ‘uon
553 1883 628 1944 leci:
658 1899 746 1956 neque
775 1881 820 1937 ille
850 1881 1052 1943 volebat'bom
1082 1882 1145 1955 quid
1172 1888 1200 1936 tn
1225 1880 1272 1935 tibi
1295 1882 1421 1936 conscius
1444 1897 1533 1940 esses,
1565 1881 1611 1936 sed
1634 1882 1667 1936 de

371 1965 507 2041 scriptura
529 1975 559 2021 ut
582 1966 768 2040 expostularet
793 1974 894 2028 tecum,
918 1984 949 2021 ex
973 1983 1024 2038 qrra
1048 1965 1194 2021 ludibrium
1218 1965 1297 2027 lacis,
1322 1974 1355 2038 et·
1372 1965 1445 2039 quod
1468 1965 1580 2020 nimium
1603 1983 1667 2039 pru·

338 2051 471 2106 rarleatiae
495 2051 612 2107 intcnrbs
637 2060 690 2107 tum
712 2051 906 2124 bominumque
929 2051 1111 2124 praescriptis,
1136 2068 1207 2106 nunc
1222 2051 1350 2105 damnans
1367 2067 1427 2124 quae
1443 2050 1587 2123 aliquando
1602 2067 1667 2123 pro·

373 2135 470 2197 babas,
488 2152 559 2191 nunc
575 2153 684 2191 rursum
699 2137 819 2209 probans
836 2153 896 2209 qnae
911 2135 1070 2199 damnabas;
1095 2136 1167 2208 quod
1183 2153 1233 2208 pro
1249 2135 1378 2190 varietate
1394 2152 1572 2208 personarum
1588 2135 1667 2190 aliam

371 2228 453 2293 atque
476 2220 556 2276 aliam
579 2221 668 2276 induis
692 2221 785 2276 faciem
808 2237 859 2294 pra
883 2229 1021 2293 tempore,
1045 2228 1072 2276 et
1096 2220 1168 2293 rpuod
1191 2237 1245 2274 non
1263 2228 1315 2275 tam
1333 2219 1495 2275 Vertumnus
1509 2219 1599 2275 varius
1615 2228 1666 2281 est,

371 2321 450 2377 quam
479 2312 509 2360 tu
537 2304 586 2360 tibi
615 2306 641 2360 in
672 2306 796 2361 oratione
824 2323 853 2360 es
883 2304 1088 2360 dissimillimus.
1134 2304 1196 2360 llaec
1218 2314 1282 2360 sunt
1305 2322 1366 2377 qnae
1389 2304 1416 2359 iu
1440 2312 1466 2360 te
1490 2304 1665 2378 improbavit,

370 2390 450 2444 vitam
480 2406 544 2444 vero
573 2398 601 2444 et
629 2390 809 2445 eruditionem
838 2398 866 2445 et
888 2389 1073 2463 eloquentiam
1096 2406 1233 2462 nunqnam
1257 2389 1428 2462 improbavit.
1474 2388 1525 2444 Sed
1548 2389 1610 2445 audi
1632 2389 1666 2444 de

336 2474 423 2529 roboc
445 2474 526 2529 ctiam
550 2474 636 2548 ipsius
658 2474 755 2530 verba:
781 2474 856 2548 „Ego
880 2474 987 2548 quidem
1011 2475 1081 2530 baud
1098 2481 1178 2548 puto,
1203 2474 1307 2548 inquit,
1331 2491 1419 2547 neque
1435 2472 1483 2529 ulli
1499 2473 1663 2536 Christiano,

370 2557 565 2631 multomagis
589 2559 670 2614 docto
694 2559 825 2632 theologo
849 2576 909 2614 esse
932 2558 1120 2614 simulandum.
1165 2558 1295 2615 Etbnicns
1317 2575 1427 2632 quoque
1450 2558 1570 2632 scriptor
1585 2559 1666 2614 simu·

369 2641 501 2700 lationem
524 2643 646 2699 damnat:
676 2643 748 2699 tollit
777 2643 863 2705 enim,
893 2643 994 2717 inquit,
1025 2643 1151 2699 iudicium
1180 2643 1250 2706 veri,
1280 2644 1360 2716 idque
1390 2642 1533 2699 adulterat.
1579 2644 1665 2699 Tanto

369 2728 473 2789 minus.
498 2729 544 2801 qtri
567 2737 630 2783 tuus
654 2737 696 2783 est
718 2736 821 2790 status,
845 2727 996 2783 simulando
1019 2745 1049 2784 ac
1071 2728 1268 2784 dissimulando
1290 2728 1445 2784 conversari
1468 2728 1622 2784 bominibus
1638 2737 1665 2785 te

369 2812 463 2874 decet;
485 2828 536 2868 nos
559 2813 647 2868 emnia
670 2812 737 2869 dura
760 2821 787 2868 et
809 2813 920 2869 adversa
943 2813 1031 2868 lacere
1053 2820 1081 2868 et
1104 2813 1174 2887 pati,
1204 2821 1234 2868 nt
1256 2821 1364 2868 constet
1388 2812 1513 2875 libertas,
1542 2830 1592 2887 par
1614 2822 1664 2868 est.

335 2910 360 2949 aa
371 2904 400 2952 tu
423 2896 520 2952 necubi
544 2897 679 2960 edendas,
702 2914 737 2953 ne
760 2898 912 2972 suspitione
935 2897 1043 2980 quiderp
1066 2906 1097 2955 ut
1120 2898 1241 2958 labores,
1266 2898 1291 2953 id
1309 2898 1450 2953 videndum
1466 2906 1508 2953 est
1524 2898 1664 2962 omnibns;

369 2981 392 3035 si
414 2981 527 3037 victoria
550 2989 713 3055 sequeretur
742 2983 792 3037 hos
815 2990 944 3049 conatus,
973 3000 1053 3037 nerano
1077 2982 1116 3037 nti
1140 2982 1248 3045 mallet;
1276 2999 1337 3038 eum
1361 2983 1425 3055 quid
1450 2983 1571 3038 imminet
1593 2983 1665 3055 peri·

368 3065 437 3126 culi,
467 3082 521 3122 non
548 3067 649 3122 vereris
673 3066 753 3123 etiam
775 3067 1001 3140 amicissimorum
1024 3084 1084 3122 eum
1108 3067 1287 3122 insectatione
1309 3065 1471 3122 deelinar·e'’.
1517 3066 1577 3123 llaec
1600 3067 1666 3122 llut-

369 3158 456 3206 teuus.
1180 3155 1194 3182 ⁰

433 3230 519 3311 [tit]
564 3252 614 3292 na.
644 3237 688 3291 An
711 3236 765 3291 boc
787 3237 864 3307 qaod
884 3237 1047 3301 moliretur,
1079 3237 1252 3290 conduceret
1270 3235 1394 3305 publicis
1409 3236 1524 3301 stadiis,
1549 3237 1664 3305 trepaeio

335 3322 535 3392 aeennnpelieo
557 3339 592 3376 ac
624 3323 711 3376 rebus
733 3324 817 3376 etium
847 3322 915 3375 suis
984 3336 1033 3375 or.
1057 3321 1098 3374 An
1122 3318 1237 3392 publicis
1267 3318 1365 3374 studiis
1387 3318 1488 3391 aliquid
1518 3319 1662 3391 profuerit.

367 3422 464 3478 parum
480 3406 579 3468 reiert;
602 3405 717 3478 rtegocio
733 3404 890 3479 evangelico
904 3401 928 3459 'si
952 3421 1005 3460 nou
1030 3403 1148 3477 proluit.
1173 3402 1240 3458 nibil
1264 3402 1368 3465 obluit;
1391 3421 1421 3458 ac
1444 3420 1477 3457 ne
1501 3403 1560 3457 suis
1581 3403 1662 3458 etiam

367 3489 465 3551 rebus,
482 3507 549 3563 quas
571 3490 753 3546 destinaverat
769 3490 821 3546 buc
837 3488 934 3549 semel.
951 3505 985 3544 ne
1000 3489 1074 3544 dives
1098 3488 1175 3543 beret
1197 3487 1238 3543 vel
1262 3495 1401 3561 spectatus
1425 3488 1451 3541 in
1476 3486 1527 3542 boc
1559 3486 1661 3542 seculo.

433 3569 520 3651 [itt]
565 3591 615 3630 cn.
650 3574 759 3631 Retulit
786 3576 933 3646 epistolam
961 3575 1178 3630 atrocissimum.
1251 3588 1301 3629 o‘r.
1331 3571 1382 3627 Sed
1412 3571 1498 3626 madio
1527 3569 1664 3626 crudelius

367 3667 426 3716 erat
449 3657 560 3722 vulnus,
589 3659 632 3715 cui
656 3659 840 3716 medicandum
864 3660 967 3721 inierat,
997 3666 1025 3713 et
1052 3658 1183 3732 poscebat
1213 3658 1266 3713 tale
1289 3657 1420 3730 malagma
1444 3655 1561 3730 pessima
1583 3654 1664 3729 plaga

333 3753 413 3800 aetna
437 3743 618 3800 vehementer.
1356 3739 1359 3744 ’

432 3824 518 3905 [stt]
563 3846 612 3885 nn.
643 3829 784 3899 Proponit
811 3831 919 3900 aliquot
946 3831 1078 3883 crimina.
1158 3844 1208 3884 or.
1232 3826 1302 3882 Nihil
1332 3844 1387 3882 nou
1416 3825 1479 3881 lecit
1507 3831 1535 3880 ct
1564 3824 1664 3881 nullam

367 3914 526 3970 medicinam
549 3921 677 3987 expertus
700 3931 755 3969 non
778 3921 820 3969 est
843 3931 897 3987 quo
920 3931 1028 3969 rursum
1052 3906 1224 3969 lucrifaceret
1247 3921 1289 3968 te:
1318 3930 1390 3967 mum
1413 3910 1563 3971 blanditur,
1593 3928 1665 3967 nunc

367 4007 474 4060 monet,
504 4014 576 4054 nunc
599 3998 706 4071 arguit,
734 4015 807 4054 nunc
830 3998 981 4073 opprobrat
1005 3998 1127 4073 qraaedam
1150 4007 1229 4054 antea
1251 3998 1357 4054 adserta
1382 4004 1494 4070 perte,
1523 4013 1594 4051 narare
1617 3996 1665 4051 ob-

368 4092 457 4139 secrat
480 4084 666 4139 rationem'ut
689 4083 788 4138 habeas
812 4093 928 4140 senectae
950 4092 977 4138 et
1008 4084 1170 4139 eruditionis
1201 4090 1263 4138 tuae.
1305 4081 1410 4137 nullum
1440 4089 1528 4136 tamen
1558 4080 1664 4153 insigne

334 4168 502 4240 indagitium
525 4167 664 4241 impingit,
694 4168 745 4222 uisi
775 4167 914 4241 pertidiam
943 4177 970 4223 et
994 4168 1065 4242 quod
1089 4169 1116 4223 in
1139 4168 1355 4223 adversariorum
1377 4175 1466 4221 castra
1495 4167 1664 4239 peringens

367 4254 445 4308 cuius
468 4251 580 4308 sceleris
604 4261 630 4307 tc
653 4253 719 4307 adeo
743 4269 797 4306 uon
820 4254 918 4326 pudet.
949 4260 979 4307 ut
1002 4253 1124 4325 (lundam
1147 4253 1227 4315 ctiam
1251 4252 1422 4325 apertissima
1445 4251 1472 4305 in
1502 4250 1580 4305 libris
1610 4250 1664 4307 tuis

368 4355 428 4411 qrrac
454 4337 556 4393 iaciunt
578 4354 628 4410 pro
653 4336 768 4410 negocio
791 4336 939 4410 evangelii.
964 4353 1034 4392 nnnc
1057 4353 1141 4409 neges
1164 4345 1191 4392 et
1214 4344 1346 4392 recantes.

432 4417 518 4497 [tut]
564 4437 613 4478 nn.
651 4423 690 4476 Et
717 4423 829 4476 interim
855 4422 997 4492 promittit
1025 4422 1147 4476 libellum
1175 4435 1206 4475 se
1233 4421 1311 4474 intra
1339 4421 1465 4474 triduum
1498 4421 1662 4474 missurum.

367 4522 417 4562 ur.
442 4506 513 4561 Fieri
535 4514 628 4580 potest
650 4514 679 4561 ut
700 4506 854 4579 descriptus
876 4505 976 4561 abuca
998 4505 1116 4577 quodam
1139 4503 1285 4575 Tureginm
1307 4503 1474 4576 pervenerit,
1498 4502 1544 4557 sed
1568 4503 1662 4558 eodem

331 4600 493 4665 *tompore
517 4608 571 4664 quo
595 4591 716 4646 redditus
739 4598 782 4646 est
806 4589 853 4645 tibi
878 4597 949 4645 tuns.
994 4589 1108 4661 etquid
1132 4588 1155 4642 si
1184 4586 1346 4659 vulgabatur
1374 4587 1454 4641 etiam
1483 4594 1545 4640 ante
1575 4585 1664 4641 reddi·

367 4676 484 4736 tionem,
507 4693 568 4730 cum
592 4675 658 4730 nibil
682 4675 789 4730 volebat
812 4691 891 4748 quam
915 4672 987 4747 quod
1010 4673 1092 4728 etiarn
1116 4671 1190 4727 orbis
1213 4672 1295 4727 sciret
1317 4688 1376 4727 eam
1397 4669 1660 4743 expostulationem?

434 4858 612 4922 ¹probmium
633 4861 657 4908 3.
728 4855 858 4921 “reputit
878 4859 904 4904 3.
975 4851 996 4885 ¹⁵
1014 4851 1085 4918 quoa]
1106 4852 1176 4917 qnod
1197 4854 1222 4901 3.
1292 4849 1315 4881 ¹²
1334 4852 1490 4901 adulterare
1512 4854 1535 4899 1.
1555 4850 1661 4900 adnite-

365 4948 425 4992 rate
445 4945 470 4991 2.
480 4946 505 4991 3.
547 4939 569 4972 ⁴⁴
588 4943 667 4992 Luco
686 4937 813 5007 quodam]
832 4941 874 4990 dn
895 4956 911 4989 a
930 4940 1008 4989 Laron
1026 4937 1125 4987 Klett?
1151 4936 1257 5002 dequo
1275 4952 1301 4987 v.
1320 4936 1418 4986 Athen.
1433 4937 1544 4987 Raurie.
1563 4953 1588 5001 p.
1604 4934 1660 4985 lna.

364 5028 548 5093 Thurregium
569 5029 594 5078 3.
