4367 6084
526 686 599 754 438
626 699 867 749 cccnxxxlllt.
883 716 986 750 suasus
1001 717 1063 750 noa
1078 719 1115 752 an
1129 719 1184 752 arr..
1200 719 1433 754 eructantium
1447 721 1490 754 ar.
1505 722 1530 755 n.
1547 715 1565 754 t.
1581 722 1640 754 nar.
1657 714 1717 754 1528.

530 878 598 931 bero
621 884 648 929 et
665 873 781 929 ilenrico
804 874 945 929 Glareano.
991 875 1087 930 arbitri
1110 876 1181 931 datis
1204 879 1307 933 deutris
1330 868 1453 952 stipulati
1476 889 1541 934 suat
1564 880 1745 953 obsequium:
1768 897 1828 953 pro·

530 962 652 1016 irrisimus
676 960 800 1032 utrique:
829 961 1037 1033 pronunciatum
1066 970 1109 1015 est
1130 962 1164 1015 de
1187 964 1290 1036 scripto
1313 963 1470 1025 arbitrium,
1500 965 1711 1038 comprobatum
1734 973 1777 1019 est
1797 964 1829 1017 ab

531 1054 664 1116 utroque,
688 1045 804 1117 primurn
828 1062 905 1102 soce.
929 1063 990 1100 mox
1012 1046 1093 1101 etiam
1116 1046 1333 1121 subscriptione:
1357 1050 1383 1102 in
1407 1050 1513 1120 siguum
1529 1050 1658 1105 amicitias
1674 1058 1827 1123 porrectum

532 1148 626 1204 'saitem
649 1127 811 1182 altrinsecus
835 1129 980 1199 lregimns.
1004 1148 1066 1184 moa
1088 1147 1120 1185 ex
1143 1132 1238 1187 eodem
1262 1132 1378 1187 bibimus
1402 1133 1500 1206 poculo
1524 1134 1597 1207 quod
1620 1135 1757 1206 Georgius
1778 1134 1829 1187 dux

530 1217 603 1270 iliano
628 1214 754 1272 irriserat:
784 1230 880 1267 rursus
903 1214 1051 1287 stipulatus
1073 1233 1132 1269 sum
1156 1226 1315 1289 perpetuam
1338 1219 1496 1278 amicitiam.
1519 1219 1685 1273 asseveravit
1708 1217 1847 1290 Epptess

530 1299 643 1371 ilirrpins
667 1297 725 1351 isare
748 1308 920 1371 perpetuam,
943 1300 1013 1354 (latae
1036 1307 1100 1354 sunt
1123 1301 1224 1356 dextrae
1241 1319 1351 1363 rursus:
1375 1304 1507 1374 postridie
1522 1320 1617 1358 ornnes
1633 1304 1828 1375 aesopicum:

532 1383 598 1439 nilril
612 1383 690 1437 ‹rirrisi
707 1384 779 1454 qum
796 1390 854 1436 erat
870 1383 919 1437 viri
936 1383 1013 1438 obliti
1026 1384 1145 1440 omnium
1162 1386 1340 1441 ollensarunr:
1351 1387 1425 1441 dicas
1441 1389 1507 1442 satis
1523 1387 1667 1459 religionis
1682 1387 1828 1441 adbibitum

533 1468 637 1523 etiarnsi
662 1468 758 1521 luisset
781 1470 887 1522 occisus
910 1469 1001 1523 liorno.
1045 1470 1111 1524 l'ost
1133 1488 1237 1525 caenam
1255 1469 1480 1545 Eppbendorpius
1501 1473 1583 1545 caepit
1607 1473 1761 1544 elllagitare
1776 1472 1829 1543 epi·

534 1552 619 1607 stolas
641 1552 672 1605 ad
695 1552 790 1606 dirceus
815 1552 840 1607 in
864 1552 1061 1625 postridianum
1085 1572 1178 1609 mane:
1208 1574 1370 1629 quamquam
1400 1556 1446 1611 ille
1475 1575 1526 1612 suo
1549 1557 1654 1630 scripto
1678 1556 1743 1611 mibi
1767 1555 1829 1609 libe

534 1656 594 1693 rum
618 1638 718 1691 lecerat
742 1636 782 1690 rel
805 1636 866 1691 duci
891 1637 1010 1694 scribere
1034 1639 1073 1693 rel
1099 1639 1124 1693 in
1148 1640 1252 1702 aulam,
1277 1658 1325 1696 nec
1348 1650 1408 1694 erat
1430 1642 1622 1715 praescriptum
1646 1649 1768 1714 tempus,
1792 1649 1857 1694 tan

535 1740 595 1778 meu
619 1721 748 1794 quoniam
772 1721 907 1782 instabat.
931 1740 965 1776 ne
987 1723 1120 1778 dissiliret
1142 1726 1230 1797 gratia
1253 1727 1412 1799 priusquam
1434 1727 1560 1786 coiisset,
1585 1744 1669 1799 supra
1692 1743 1773 1798 quam
1787 1726 1829 1779 de·

536 1808 581 1862 bui
605 1824 663 1861 siim
688 1806 867 1878 oliseqrrutus.
913 1807 1064 1879 l'lagitabat
1087 1816 1115 1862 et
1138 1810 1341 1882 praelationem:
1372 1810 1397 1864 id
1427 1827 1481 1865 non
1505 1810 1677 1865 solum'erat
1700 1810 1828 1882 iniquum.

536 1909 627 1946 rerum
650 1890 731 1945 etiam
756 1890 891 1963 ineptam.
915 1910 998 1964 quum
1022 1892 1092 1947 liber
1114 1894 1232 1949 nondum
1255 1903 1329 1950 esset
1352 1902 1449 1950 natus:
1472 1911 1545 1968 :egre
1560 1896 1669 1968 quidem
1687 1894 1763 1953 illud,
1786 1894 1829 1948 sed

537 1986 624 2032 tamen
654 1975 829 2030 hortantibus
856 1976 967 2031 arbitris
995 1977 1035 2031 vel
1069 1978 1231 2049 rogantibus
1259 1981 1351 2053 potius
1381 1988 1408 2035 et
1431 1979 1474 2035 hic
1497 1997 1556 2035 sum
1579 1978 1761 2052 obsequutns.
1803 1977 1829 2032 ln

535 2059 678 2135 epistolam
703 2060 803 2114 inserui
828 2059 917 2116 locum
941 2061 1027 2135 ipsius
1049 2062 1180 2125 arbitrio:
1208 2081 1258 2119 uec
1286 2063 1352 2118 illud
1375 2072 1434 2119 erat
1456 2064 1542 2137 pacti.
1573 2081 1615 2118 me
1637 2082 1670 2119 ex
1693 2063 1768 2118 illius
1789 2074 1857 2117 anti

536 2146 620 2202 bitrio
643 2144 771 2199 scribere.
817 2145 959 2217 Flagitavit
982 2156 1009 2201 et
1031 2147 1104 2202 aliud
1128 2148 1271 2220 quiddam.
1300 2149 1372 2222 quod
1401 2149 1497 2204 arbitri
1520 2149 1585 2203 mibi
1608 2166 1663 2203 non
1687 2155 1752 2203 sunt
1773 2147 1828 2201 ausi

537 2247 691 2307 proppnere
715 2247 764 2285 nec
786 2247 801 2284 a
824 2248 866 2285 me
888 2231 994 2286 dicetur
1017 2232 1043 2286 in
1068 2234 1209 2305 praesenti,
1239 2251 1273 2288 ne
1301 2243 1328 2289 et
1358 2233 1409 2289 boc
1437 2235 1537 2289 iactent
1565 2250 1626 2288 cum
1656 2232 1731 2287 illins
1753 2232 1829 2287 dede·

536 2333 609 2371 core.
655 2315 720 2370 Post
743 2315 801 2370 liaeo
824 2315 859 2370 ita
891 2325 968 2387 gesta
998 2317 1020 2370 si
1045 2316 1273 2392 Eppbendorpius
1299 2327 1422 2374 curasset
1446 2317 1563 2373 tabulam
1592 2335 1641 2391 per
1663 2316 1828 2372 Germaniam

538 2399 731 2473 spargendam,
754 2400 818 2472 qnid
841 2401 893 2456 dici
918 2410 1009 2473 potest
1032 2401 1191 2457 sceleratius
1214 2412 1260 2457 aut
1275 2402 1421 2477 perfidius,
1445 2404 1467 2458 si
1483 2420 1540 2457 reru
1556 2403 1683 2475 spectes?
1705 2410 1753 2455 aut
1769 2400 1828 2474 quid

537 2484 662 2545 stultius.
692 2486 714 2538 si
743 2486 864 2555 gravium
892 2485 1012 2541 virorum
1040 2495 1147 2560 spectes
1170 2487 1315 2543 iudicium?
1343 2488 1407 2560 quid
1431 2488 1501 2542 enirn
1523 2486 1685 2558 cogitabunt
1707 2486 1857 2540 bominestt

537 2568 657 2628 cordati,
681 2586 763 2641 quum
786 2570 896 2624 audient
919 2570 1011 2625 iactari
1035 2571 1238 2644 praelationem,
1261 2573 1338 2627 cuiirs
1353 2571 1444 2627 nullus
1459 2580 1502 2627 est
1518 2571 1608 2625 liber?
1631 2588 1664 2625 an
1680 2571 1734 2624 dux
1750 2570 1828 2625 Geor·

539 2654 600 2726 gius
619 2653 690 2707 adeo
714 2652 814 2708 stultns
836 2655 971 2716 creditur,
995 2665 1025 2710 ut
1047 2674 1102 2711 non
1126 2656 1261 2729 intelligat
1284 2675 1315 2712 ex
1338 2656 1469 2730 epistola.
1493 2674 1535 2711 me
1552 2656 1672 2728 quietem
1689 2655 1723 2710 ab
1738 2654 1827 2709 ocioso

539 2738 703 2793 redemisse?
726 2737 790 2792 'lain
814 2739 947 2808 insignem
971 2742 1124 2812 perfidiam,
1149 2750 1249 2796 tantam
1272 2741 1415 2802 malitiam,
1439 2749 1540 2796 taritam
1564 2739 1709 2795 stultitiam
1726 2747 1827 2817 ne-tum

539 2821 646 2894 quidem
670 2820 880 2895 Epplrendorpio
904 2823 1054 2880 tribuebam
1079 2844 1161 2900 quum
1185 2826 1223 2880 illi
1248 2826 1395 2887 irascebar,
1420 2834 1524 2881 tantum
1546 2825 1622 2880 abest
1646 2833 1677 2879 ut
1701 2842 1771 2879 nune
1794 2822 1828 2877 illi
1879 2840 1881 2843 ’

540 2905 656 2961 tribuam
680 2914 744 2978 post
768 2906 853 2961 landus
877 2907 981 2963 initum.
1027 2910 1078 2965 Sed
1103 2928 1158 2984 quo
1181 2911 1266 2983 magis
1291 2911 1365 2966 illum
1389 2909 1490 2972 libero,
1514 2910 1565 2965 boc
1581 2909 1668 2980 magis
1684 2927 1733 2963 eos
1748 2918 1855 2980 gravott

539 3007 655 3064 quornm
677 2997 735 3045 arte
758 2990 815 3046 baec
838 3002 1033 3064 procurantur:
1057 2994 1103 3050 ille
1125 3013 1154 3050 se
1178 2995 1271 3051 lusum
1294 2995 1419 3069 putabat.
1444 2995 1487 3050 isti
1511 3011 1648 3067 uunquam
1671 3012 1687 3048 a
1710 3011 1752 3048 me
1775 2992 1828 3047 laesi

539 3084 617 3136 sunt,
647 3075 699 3130 nisi
727 3074 827 3131 tatere
854 3085 896 3132 est
925 3079 997 3151 quod
1028 3079 1091 3135 nolo
1120 3081 1243 3153 profiteri
1271 3098 1332 3153 quae
1360 3072 1427 3135 mibi
1447 3097 1502 3135 non
1524 3096 1636 3153 possum
1659 3078 1827 3151 persuadere.

539 3160 624 3215 Etiam
652 3160 686 3215 de
714 3161 862 3232 praeteritis
890 3163 941 3218 lroe
970 3164 1075 3236 nquior
1104 3181 1163 3219 sum
1186 3163 1413 3238 Eppbendorpio,
1441 3164 1512 3238 quod
1541 3163 1634 3218 multis
1664 3161 1828 3234 argumentis

538 3244 640 3316 colligo
664 3244 739 3299 illurn
763 3246 835 3318 qnod
859 3247 923 3302 lecit
945 3246 1061 3303 aliorum
1085 3249 1215 3303 instinctu
1239 3249 1350 3313 lecisse;
1381 3266 1467 3321 neque
1491 3250 1532 3303 me
1554 3247 1642 3302 latent
1663 3247 1746 3302 buius
1768 3245 1829 3300 arti·

539 3331 595 3385 licis
620 3330 762 3391 rainoldum,
786 3348 947 3404 quamquam
971 3334 1038 3386 mire
1060 3352 1089 3387 se
1112 3334 1226 3388 eredunt
1249 3351 1343 3389 omnes
1366 3332 1474 3389 lallare:
1497 3332 1576 3388 iidem
1600 3331 1768 3403 instigarunt
1784 3339 1855 3385 mett

477 3479 482 3488 ·
540 3415 683 3470 serandum
707 3415 869 3476 llnttenum,
899 3425 929 3471 nt
957 3417 983 3471 in
1014 3435 1056 3472 me
1083 3417 1147 3491 styli
1177 3435 1333 3474 mucronem
1364 3419 1527 3490 stringeret;
1557 3417 1637 3472 iidem
1665 3415 1828 3489 impulerunt

540 3500 688 3555 Othonem:
712 3501 764 3561 sic,
789 3500 927 3573 inquiunt.
951 3500 1115 3557 elevabimus
1138 3504 1312 3558 autoritatem
1335 3503 1446 3558 Erasmi.
1492 3504 1512 3556 0
1534 3500 1647 3557 consilia
1663 3499 1827 3571 evangelica!

540 3583 633 3656 fingite
655 3584 757 3639 Erasmi
780 3585 952 3641 autoritatem
976 3586 1045 3660 apud
1069 3604 1162 3642 ornnes
1185 3588 1343 3650 extinctam,
1371 3604 1432 3661 qum
1460 3587 1512 3642 iam
1535 3603 1606 3641 nunc
1628 3584 1670 3640 vel
1695 3584 1768 3640 nulla
1791 3591 1829 3649 est

539 3668 579 3724 sel
604 3669 809 3742 quammininra,
838 3670 1004 3725 continuone
1028 3689 1075 3726 vos
1099 3672 1175 3727 eritis
1197 3672 1252 3727 diii
1282 3714 1405 3726 ......
1420 3726 1424 3735 ,
1423 3710 1827 3726 ..................

542 3795 855 3808 ..............
879 3754 938 3809 Tibi
962 3772 1038 3816 vero,
1063 3757 1103 3810 vir
1125 3757 1312 3818 ornatissime,
1342 3756 1473 3830 seriptum
1496 3756 1547 3811 boc
1570 3754 1646 3813 misi,
1678 3761 1710 3808 ut
1732 3752 1856 3808 lnrlrcasss⁵

540 3839 613 3913 qnod
637 3837 824 3892 blaterouibns
847 3839 907 3893 istis
930 3841 1109 3913 respondeas,
1141 3841 1186 3914 qui
1216 3840 1295 3896 simol
1326 3849 1407 3915 atquc
1431 3848 1549 3896 ventrem
1573 3847 1599 3893 et
1627 3855 1657 3893 ea
1690 3855 1751 3910 qum
1782 3837 1829 3892 sab

541 3932 632 3979 ventre
655 3920 836 3994 expleverint,
861 3923 927 3977 nibil
951 3925 1051 3980 liabent
1074 3927 1146 3999 quod
1170 3934 1266 3997 agant,
1291 3926 1343 3980 nisi
1367 3935 1396 3980 ut
1413 3924 1538 3979 arrrmibns
1554 3922 1729 3984 maledicant,
1752 3931 1829 3994 atique

539 4008 574 4063 ita
599 4007 895 4145 irupplthrevangclica
912 4008 1045 4065 libertate.
1091 4010 1160 4065 iletre
1183 4009 1248 4065 vale.
1293 4010 1387 4066 [latum
1409 4009 1517 4065 ltasilcoe
1539 4006 1647 4064 Calend.
1664 4006 1733 4061 blaii.
1756 4008 1829 4061 Anno

538 4091 678 4147 ttltxlt
715 4133 720 4143 .

605 4307 617 4338 ⁷
635 4304 773 4372 offensam]
787 4308 874 4370 Quasi
887 4324 940 4357 non
953 4310 1041 4373 ipsum
1055 4310 1217 4360 iniuriarum
1230 4309 1409 4360 damnassent
1421 4309 1528 4359 arbitri.
1575 4306 1586 4337 ⁹
1604 4307 1648 4357 illi
1664 4310 1686 4355 1.
1725 4305 1775 4340 ¹2¹⁵
1786 4307 1829 4356 de·

539 4390 648 4457 decore]
668 4394 752 4442 Nemo
771 4393 890 4442 oninium
910 4394 955 4458 qui
974 4410 1034 4459 quae
1053 4395 1086 4444 de
1106 4394 1159 4444 hac
1179 4410 1264 4444 causa
1283 4396 1388 4460 scripta
1406 4398 1553 4458 supersunt
1570 4393 1616 4442 vel
1635 4393 1728 4442 obiter
1745 4392 1830 4458 perle-

539 4478 625 4543 gerit,
647 4479 741 4526 credet
754 4479 896 4527 Erasmum
910 4494 986 4527 suam
1001 4479 1153 4528 infamandi
1168 4480 1321 4528 adversarii
1335 4479 1477 4528 libidinem
1497 4479 1537 4527 ita
1556 4475 1676 4542 φιλικῶς
1690 4477 1829 4527 lroenasse..

538 4562 560 4595 ¹³
580 4564 637 4612 Iam
658 4566 682 4613 l.
718 4560 741 4594 ²⁸
759 4569 789 4612 ut
808 4579 879 4612 nunc
898 4560 958 4626 eta]
979 4565 1065 4625 Quasi
1085 4580 1139 4613 non
1158 4564 1295 4613 intensius
1309 4564 1414 4613 odisses
1427 4568 1570 4630 postquam
1584 4561 1743 4612 simultates
1757 4562 1829 4612 abiu·

542 4665 602 4698 rnre
623 4653 736 4698 coactus
756 4664 826 4697 eras.
879 4645 901 4677 ²⁶
921 4645 977 4711 isti]
998 4648 1051 4697 Sed
1070 4664 1121 4697 nnc
1141 4648 1217 4697 illum
1237 4664 1253 4696 a
1273 4653 1300 4696 te
1319 4648 1414 4697 laesum
1433 4648 1533 4708 luisse,
1554 4646 1625 4710 quod
1645 4648 1773 4697 centiens
1792 4646 1829 4695 al-

541 4733 673 4793 lirmasti,
695 4748 767 4780 nnnc
786 4747 892 4796 queque
912 4731 1000 4795 lingis.
1054 4731 1075 4762 ³²
1095 4729 1170 4796 Otia]
1191 4732 1405 4782 llrunnselsium.
1458 4730 1480 4762 ³³
1500 4735 1652 4780 extinctum
1673 4733 1697 4778 1.

1030 4917 1331 4929 ⁷*-
