4367 6084
519 710 591 779 310

519 911 589 954 nam
610 895 754 953 aduersus
773 892 945 952 lutherum.
991 892 1038 951 ‘At
1058 909 1117 956 uon
1139 890 1275 951 namom’
1307 894 1403 965 iuquit
1434 898 1475 951 ‘tu
1495 894 1581 967 apud
1607 900 1635 951 tc
1657 889 1820 951 'consitium

520 997 594 1071 perid
614 1002 688 1055 essct
710 994 796 1067 sacto
822 1011 910 1068 opas,
942 996 970 1052 si
990 994 1095 1054 Ceasar
1117 1001 1145 1053 tc
1167 996 1298 1053 iussisset
1318 997 1348 1052 in
1367 994 1530 1054 Luttterum
1552 990 1722 1054 scriberei'
1755 997 1821 1067 Ape

452 1103 517 1152 istit·
530 1099 580 1156 det
601 1097 674 1154 mini
692 1098 847 1155 consitium
869 1095 1031 1164 itatenus,-
1053 1096 1171 1168 *fiapot
1192 1099 1234 1154 ita
1255 1097 1405 1155 Coesorem
1426 1098 1519 1169 toqui,
1542 1097 1623 1169 quod
1641 1098 1708 1154 sine
1729 1096 1820 1154 dubio

517 1199 635 1272 sactum
656 1196 783 1268 fuisset,
806 1197 956 1267 ‘Erasme,
976 1213 1154 1271 persuasum
1175 1203 1218 1255 est
1236 1197 1318 1255 nobis
1339 1204 1367 1255 tc
1388 1214 1451 1255 csse
1473 1199 1568 1285 uirum
1588 1200 1641 1270 qui
1660 1204 1690 1256 et
1709 1197 1819 1255 mudi-

520 1302 606 1359 ‘tione
626 1311 656 1357 et
676 1300 742 1357 stilo
759 1300 925 1372 plurimum
947 1300 1062 1370 valcas,
1096 1305 1185 1372 atque
1205 1302 1295 1358 ctiam
1320 1301 1423 1372 pratia
1440 1302 1559 1373 pottcos
1577 1300 1665 1373 apud
1683 1299 1838 1357 auditas

522 1402 712 1467 ‘Germanos,·
745 1399 856 1458 adiuoo
872 1402 975 1473 ’ipitur
1001 1407 1117 1459 nostros
1142 1407 1266 1459 conatus
1293 1403 1324 1459 in
1348 1402 1549 1474 opprimenda
1574 1403 1818 1474 pestilentissimo

523 1503 642 1561 ‘naresi
660 1485 848 1572 Lattmann,
877 1503 994 1561 laturus
1020 1518 1040 1560 a
1061 1503 1144 1561 notris
1164 1504 1348 1576 amplissima
1375 1504 1418 1560 tui
1437 1501 1534 1573 officii
1547 1499 1704 1576 proemia!
1748 1502 1821 1575 quid

524 1605 572 1663 tric
596 1599 837 1677 respondissem?
873 1603 948 1662 ‘Non
974 1609 1075 1675 uocat,
1109 1619 1167 1662 non
1197 1610 1357 1679 suppetunt
1382 1606 1459 1662 uires
1481 1603 1524 1661 ad
1551 1604 1586 1662 id
1607 1604 1818 1678 prestandum

455 1713 523 1763 §.³¹2
539 1705 620 1780 qttad
632 1707 727 1778 exipit
744 1712 796 1763 tua
812 1701 986 1764 maiestas?’
1004 1707 1053 1764 iile
1068 1711 1205 1778 arperct:
1227 1704 1318 1774 ‘Ouid
1326 1708 1437 1779 possis,
1460 1705 1579 1764 abunde
1591 1707 1743 1778 counitum
1759 1705 1818 1761 no-

524 1807 632 1865 ‘oemus
650 1823 690 1864 ex
717 1807 918 1879 doctis'oiris,
951 1822 1093 1880 ropnmas
1114 1822 1152 1865 ac
1172 1808 1305 1864 ootunm
1331 1813 1363 1864 ut
1383 1806 1442 1865 trac
1471 1808 1501 1865 in
1530 1822 1565 1865 re
1591 1823 1705 1865 morem
1727 1819 1846 1879 perosa

524 1909 633 1965 ‘animo
651 1899 764 1980 nostro,
786 1910 874 1968 simut
894 1917 922 1968 et
943 1925 962 1966 a
984 1909 1067 1968 nobis
1087 1908 1174 1966 initis
1191 1910 1325 1980 oratiam
1349 1914 1378 1967 et
1399 1915 1426 1967 tc
1444 1907 1531 1980 saiso
1554 1909 1724 1981 suspicione
1743 1907 1818 1965 tibe-

525 2008 630 2080 ίναὸίε,
653 2026 721 2083 qua
742 2017 770 2069 te
790 2026 849 2068 non
871 2012 961 2069 semol
982 2012 1042 2068 iam
1064 2011 1169 2069 detodit
1187 2007 1339 2080 sanarem
1360 2027 1423 2068 esse
1437 2010 1621 2070 lutheranae
1642 2007 1818 2082 impictatis'.

457 2120 524 2168 §.aa
536 2109 595 2169 Hic
620 2111 693 2169 mini
711 2118 855 2185 supparet
873 2112 1034 2184 Haerentes,
1055 2108 1129 2185 qaid
1144 2120 1218 2169 essct
1238 2112 1487 2185 respondendum.
1526 2114 1554 2169 si
1570 2112 1722 2185 pottt'citas
1736 2109 1819 2181 suis-

525 2227 584 2270 sem
599 2228 645 2270 mo
656 2211 812 2284 sactorum
826 2215 959 2273 omnibus
971 2213 1157 2288 posthabitis,
1175 2212 1286 2284 suisset
1304 2214 1461 2286 tropadite
1477 2212 1684 2279 seruiendum·
1702 2217 1820 2271 coactus

522 2311 648 2384 fecissem
662 2330 708 2373 me
726 2315 863 2390 prebere
876 2316 1003 2374 semaam
1020 2314 1174 2374 monachis
1188 2314 1366 2387 quidusdam
1382 2330 1419 2372 ac
1434 2313 1588 2387 theotonis,
1609 2328 1684 2387 quos
1697 2316 1847 2371 nimiunn

491 2401 493 2404 ’
525 2417 610 2483 noni·
630 2432 685 2476 nec
707 2418 837 2475 licuisset
857 2417 988 2476 scribere
1005 2410 1215 2491 paraphrases
1234 2417 1355 2489 otioque
1376 2433 1443 2488 auce
1464 2432 1552 2490 spero
1574 2432 1633 2474 non
1654 2415 1727 2474 nuic
1750 2424 1822 2472 ton-

459 2523 526 2573 talt.
539 2523 600 2574 tam
621 2520 720 2577 seculo
738 2516 914 2592 profutara.
951 2519 996 2576 sin
1015 2532 1239 2591 perneposscm‚
1261 2519 1447 2576 coniecissem
1469 2534 1515 2575 mc
1535 2519 1632 2591 ipsum
1654 2519 1686 2574 in
1706 2519 1822 2575 aculeos

526 2617 705 2676 crabronum
727 2622 803 2677 etin
826 2617 1015 2690 manifestam
1034 2619 1207 2693 perniciem.
1238 2624 1319 2693 *quo
1341 2635 1387 2677 me
1402 2614 1642 2692 proripuissem?
1661 2618 1707 2675 ad
1723 2634 1822 2676 arcem

527 2713 674 2776 Huttcui?
698 2720 741 2777 ad
768 2715 1019 2793 Wittenberpom?
1039 2715 1125 2778 *Sed
1141 2720 1192 2778 uid
1204 2720 1363 2793 [minuata
1380 2738 1448 2794 qnia
1466 2720 1540 2778 mitti
1552 2715 1702 2794 perisset?
1722 2718 1823 2778 *Hac

528 2826 614 2889 cotors,
636 2820 702 2879 tenc
724 2820 860 2879 ualetudo
877 2837 935 2879 non
957 2824 1140 2896 patiturne
1162 2824 1273 2895 vapori
1299 2828 1328 2881 et
1353 2839 1455 2895 apere,
1482 2838 1540 2880 non
1563 2823 1680 2896 patitur
1702 2823 1852 2880 tatitaren

529 2936 566 2979 ac
581 2919 728 2994 stipitum.
771 2922 857 2980 Nunc
880 2924 1009 2982 ttamen
1031 2926 1206 2998 temperavi,
1227 2932 1260 2982 ut
1276 2939 1331 2982 nec
1357 2924 1562 2998 menpticabiti
1584 2922 1757 2996 iniuria-tao
1778 2937 1824 2981 ne

460 3023 723 3095 insinuaverim,
744 3040 800 3083 nec
820 3025 1002 3084 deseruerim
1024 3041 1086 3082 rem
1106 3018 1319 3098 enanpeticom.
1362 3025 1442 3083 Mitti
1460 3021 1614 3082 *nondam
1633 3026 1726 3098 piene
1749 3041 1823 3083 con-

528 3131 601 3196 stat,
624 3141 665 3183 an
682 3129 792 3185 ueritas
812 3129 985 3200 eetanpelico
1006 3129 1044 3184 sit
1061 3142 1153 3200 penes
1171 3126 1344 3185 liutherum.
1385 3125 1523 3196 *Quodsi
1548 3131 1664 3183 constat
1686 3124 1823 3197 Hutteno,

529 3228 592 3284 ocri
607 3229 803 3307 tenacissimo,
825 3237 854 3289 et
867 3217 996 3304 paratas
1012 3236 1055 3287 est
1070 3244 1128 3303 pro
1146 3230 1225 3287 iltius
1243 3226 1415 3299 defensione
1436 3232 1556 3285 mortem
1573 3235 1727 3301 oppetere,
1747 3245 1825 3300 quior

526 3326 640 3400 sapiat
661 3345 699 3388 oc
719 3327 837 3390 latitat?
859 3338 909 3390 cot
930 3332 1069 3402 Romam,
1099 3331 1272 3388 autentim
1296 3329 1587 3402 Gattopermaniom:
1615 3328 1657 3414 iii
1677 3331 1855 3402 continuas

461 3440 663 3503 §.assperota
679 3421 797 3505 patrna.
849 3434 1000 3493 Hactenus
1030 3432 1068 3491 de
1088 3432 1177 3491 tuias
1198 3432 1293 3488 animi
1316 3430 1529 3501 imbecillitate,
1563 3444 1649 3502 quem
1675 3445 1732 3503 epo
1758 3445 1824 3488 cun

532 3532 631 3591 decem
654 3532 777 3593 Hutteni
795 3537 902 3594 animis
919 3537 989 3610 ptus
1008 3549 1099 3608 qaam
1114 3533 1255 3592 Achilleis
1273 3534 1362 3591 nolim
1377 3538 1561 3606 permutare.
1594 3530 1640 3590 Dc
1657 3533 1825 3590 constantio

487 3686 496 3719 0
531 3649 596 3691 meo
613 3643 689 3708 pato
710 3637 769 3693 iam
791 3639 864 3695 satis
884 3637 1013 3696 dictam:
1044 3651 1103 3694 non
1128 3641 1171 3693 est
1191 3636 1364 3693 constantiae
1382 3648 1500 3707 semper
1525 3633 1630 3691 eadem
1652 3635 1747 3706 toqui,
1774 3634 1827 3693 sed

463 3744 530 3793 §.sm
542 3750 659 3808 semper
678 3738 779 3795 eodem
798 3739 986 3811 pertendere.
1014 3738 1053 3796 At
1073 3753 1132 3795 non
1154 3737 1237 3795 decet
1256 3736 1436 3794 Germanum
1459 3734 1609 3806 uafricies.
1646 3736 1828 3808 respondent

531 3837 622 3906 ipitur
643 3838 889 3909 minitationes,
912 3854 1001 3911 qaum
1014 3839 1085 3898 itinc
1103 3839 1210 3910 abdet,
1232 3853 1272 3895 an
1288 3844 1371 3896 recta
1387 3837 1569 3910 publicaque
1587 3837 1637 3893 uia
1652 3839 1858 3910 perveneritis

462 3935 739 4009 semiditonum,
760 3949 789 3997 et
810 3956 850 3996 an
872 3943 958 3998 ctora
978 3942 1043 4025 tace
1061 3939 1215 3999 Mittitusio
1235 3940 1411 3997 discesserit.
1436 3937 1548 4010 (toton
1568 3953 1615 3996 me
1635 3940 1826 4014 uanissimam

527 4036 608 4107 facit
628 4046 658 4095 et
677 4040 927 4113 impudentissime
947 4041 1137 4114 mendacem,
1163 4041 1220 4100 sibi
1239 4041 1390 4098 veritatem
1412 4041 1494 4097 iilum
1520 4041 1747 4098 adamantinam
1769 4058 1826 4098 or-

530 4153 649 4209 ropons.
688 4146 721 4198 at
739 4157 793 4214 epo
809 4144 999 4215 paucissimis
1014 4145 1043 4201 in
1063 4143 1122 4202 dac
1138 4143 1228 4201 tanede
1245 4157 1416 4200 concessero
1422 4163 1433 4209 ,·
1453 4141 1610 4199 menduces
1624 4143 1750 4200 oderam
1767 4144 1825 4199 inm

531 4245 590 4297 tam
611 4244 729 4314 puellas
749 4260 837 4302 sensu
858 4244 987 4317 quodam
1009 4252 1144 4315 notura,
1167 4259 1256 4318 quum
1276 4243 1406 4302 nondum
1426 4246 1534 4303 scirem
1551 4243 1626 4316 quid
1643 4253 1720 4302 esset
1740 4260 1826 4302 men-

532 4342 670 4413 dacium·
702 4352 731 4404 ct
762 4363 842 4404 nurtc
869 4346 1000 4405 nomines
1026 4347 1172 4406 eiusmodi
1187 4348 1241 4405 ¹sic
1266 4361 1403 4417 aversor,
1436 4351 1468 4403 ut
1493 4347 1582 4403 etiam
1609 4345 1674 4417 ipso
1700 4360 1879 4430 corporea,

530 4461 713 4505 commonear
734 4447 778 4505 ad
796 4450 913 4507 iliorum
934 4446 1095 4523 aspectum.
1137 4447 1234 4506 Huius
1251 4450 1299 4505 rei
1318 4453 1403 4505 testes
1426 4452 1515 4504 erant
1543 4448 1596 4519 otti
1615 4449 1749 4505 cominus
1769 4445 1827 4518 sa-

531 4550 645 4607 mitiori
666 4548 881 4624 domesticoque
902 4551 1113 4609 consuetudine
1128 4564 1233 4606 meam
1251 4554 1455 4621 pernoverant
1475 4548 1635 4620 inpenium.
1678 4550 1737 4606 imo
1757 4550 1827 4622 qui-

533 4649 586 4707 bas
603 4654 729 4725 propius
750 4658 835 4711 notus
856 4669 936 4724 sirm,
970 4649 1046 4710 illud
1064 4649 1138 4709 mitti
1164 4652 1270 4709 aicium
1292 4666 1347 4708 cea
1361 4651 1520 4724 peculiare
1541 4649 1686 4723 tribuunt,
1716 4652 1828 4722 tinpuoe

464 4771 531 4819 §.aa
543 4752 707 4810 libertatem
729 4754 929 4825 immodicam,
952 4769 1020 4826 aaa
1041 4769 1143 4811 oerum
1164 4758 1264 4811 tacere
1286 4753 1407 4810 nesciat.
1448 4751 1543 4825 Atque
1563 4751 1629 4811 nac
1649 4756 1694 4808 est
1711 4733 1828 4824 proeci-

529 4838 593 4926 pua
614 4870 724 4925 caasa,
745 4872 822 4927 arear
843 4871 889 4914 me
909 4855 947 4913 ab
959 4856 1045 4913 auiis
1064 4855 1235 4929 principum
1256 4853 1465 4925 subduxerim,
1493 4854 1525 4911 in
1546 4852 1650 4926 quibas
1666 4853 1738 4912 vetis
1753 4855 1857 4913 notisto

531 4983 735 4996 ᾖ·

600 5033 607 5065 ¹
621 5034 688 5100 inq.]
702 5037 762 5085 Non
775 5038 873 5100 inquit.
888 5036 1224 5100 ot.Exp0st.§§.164.·e·28.
1271 5036 1292 5069 ²¹
1305 5037 1477 5102 Labiryutho
1493 5039 1516 5085 l.
1563 5033 1585 5066 ²²
1597 5036 1681 5101 plane
1693 5037 1826 5100 Bransete.
