4367 6084
520 718 718 771 cccxxxffl.
740 736 860 771 suonam
873 720 976 771 usuam
989 736 1133 772 dorenses
1147 738 1321 773 ssesuosuss
1335 697 1468 774 uvarum.
1568 708 1610 779 31
1625 707 1635 777 l

343 894 439 960 multo
458 891 586 964 indipna
608 900 696 966 alque
718 893 821 965 iniqua
852 885 1014 952 mussando
1047 900 1125 951 sunt.
1181 893 1286 953 Obiicit
1316 895 1517 953 incivilitatem
1543 899 1712 968 utquesotb.

285 1074 288 1077 1
345 997 434 1052 etiam
453 993 617 1068 perfidiam
638 1010 713 1066 erpa
736 996 852 1069 amicos.
884 996 1084 1054 incivilitatem
1106 995 1180 1068 quid
1200 997 1331 1070 appellet
1351 997 1466 1054 nescio:
1484 997 1641 1066 deducere,

345 1097 509 1169 reducere,
534 1112 642 1154 uocare
662 1103 691 1154 et
708 1097 786 1155 itare
806 1096 850 1154 ad
868 1099 1032 1156 conuiuium
1052 1113 1090 1155 ac
1112 1097 1256 1154 similibus
1276 1097 1449 1169 uulneribus
1469 1096 1579 1169 officiis
1601 1101 1644 1156 uti

345 1214 422 1270 erpa
442 1200 560 1270 quosvis
580 1214 636 1256 nec
657 1203 701 1256 est
721 1185 810 1256 buius
832 1199 1025 1269 valetudinis,
1052 1215 1107 1257 nec
1126 1198 1251 1257 bominis
1273 1206 1313 1257 tot
1332 1198 1482 1257 laboribus
1504 1201 1639 1259 districti.

322 1309 519 1373 iquanquam
540 1300 657 1358 interim
678 1315 733 1372 epo
754 1301 804 1357 ille
824 1301 952 1359 incivilis
972 1304 1042 1374 plus
1061 1317 1150 1374 antam
1169 1300 1323 1359 dimidium
1344 1303 1483 1374 temporis
1502 1302 1641 1374 impendo

343 1402 475 1475 epistolis
493 1400 598 1474 qubus
616 1400 794 1474 respondeo,
817 1401 921 1473 quibus
935 1404 1031 1460 saluto
1046 1411 1101 1460 ant
1112 1403 1283 1460 commendo
1299 1403 1417 1461 amicos.
1448 1403 1541 1460 alicui
1553 1401 1626 1474 far·
1640 1410 1707 1459 stit.
1723 1443 1726 1447 -

345 1509 423 1561 tasse
442 1495 609 1576 pernepaui
628 1502 806 1573 conuiuium,
829 1518 902 1561 mete
920 1505 1010 1562 saluti
1028 1506 1204 1570 consulens,·
1225 1510 1257 1562 at
1270 1501 1447 1579 frequenter
1466 1503 1639 1577 obsequulus

344 1619 408 1660 snm
430 1618 540 1676 maana
564 1603 743 1662 valetudinis
763 1619 836 1662 meae
856 1604 1023 1678 dispendio.
1069 1622 1163 1678 neque
1184 1622 1256 1664 raro
1277 1607 1395 1680 ineptii,
1426 1605 1496 1664 dam
1523 1607 1638 1664 amico-

344 1719 411 1763 rnm
432 1703 558 1776 affectui
576 1720 686 1763 morem
705 1721 792 1777 pero,
818 1708 903 1765 cuius
922 1706 1053 1781 obsequii
1068 1724 1114 1767 me
1128 1706 1304 1781 frequenter
1319 1708 1466 1781 penituit.
1500 1708 1708 1781 prodenti-³22.

314 1813 442 1864 *bonurn
464 1808 573 1879 alanis
594 1807 723 1878 amicus,
745 1809 796 1865 cui
816 1810 952 1880 neparim
970 1810 1060 1880 fidele
1080 1811 1250 1880 consilium,
1273 1813 1324 1869 cui
1341 1790 1478 1882 neparim
1496 1807 1637 1880 officium,

343 1907 510 1980 siquando
531 1924 580 1967 res
600 1909 678 1966 serio
695 1909 875 1982 postulabat.
920 1911 982 1970 ‘sed
1004 1911 1145 1969 obtestata
1169 1911 1232 1982 fide
1252 1911 1374 1985 auidam
1395 1911 1492 1984 questi
1510 1915 1580 1967 sunt
1600 1910 1638 1968 de

343 2025 409 2069 mea
427 2008 585 2083 perfidia':
611 2010 772 2085 perfidiam
793 2010 868 2069 mibi
888 2027 943 2071 nec
963 2014 1100 2071 inimicus
1128 2028 1258 2085 unquam
1286 2012 1405 2078 obiecit,·
1433 2028 1488 2071 nec
1509 2010 1643 2086 dubitem,

342 2127 442 2170 omnes
464 2112 574 2170 amicos
591 2126 772 2184 prouocare,
799 2120 832 2171 ut
857 2113 1020 2187 proferant
1047 2114 1099 2172 ubi
1115 2093 1185 2172 ⁸non
1212 2115 1403 2188 praestiterim
1425 2113 1505 2187 quod
1525 2114 1633 2186 recepi,

343 2213 394 2270 ubi
413 2212 568 2271 mendacio
589 2213 690 2272 dalouc
709 2211 888 2285 fefellerim,
916 2216 1000 2274 cuius
1021 2231 1168 2274 arcanum
1193 2215 1362 2288 effutierim.
1406 2215 1528 2273 Possum
1549 2214 1705 2272 ittuassn.

312 2314 418 2372 omitti
436 2329 499 2372 meo
518 2315 586 2372 inre
604 2330 734 2386 sumac,
762 2331 932 2390 perpaucas
953 2319 1088 2391 assequi
1107 2319 1167 2375 sint
1192 2317 1332 2375 amicitia
1358 2319 1523 2375 tenaciores
1544 2331 1634 2388 auom
1707 2325 1710 2329 ’

341 2431 405 2489 epo.
445 2422 534 2486 atque
556 2417 668 2473 utinam
687 2414 813 2487 fuissem
835 2425 895 2476 tam
915 2420 945 2476 in
967 2420 1164 2494 suscipiendis
1182 2420 1319 2478 amicitiis
1341 2421 1387 2478 trel
1404 2417 1485 2489 felix
1503 2419 1549 2475 uel
1567 2419 1634 2475 cir-

306 2532 310 2538 ·
341 2523 541 2590 atemptatus,
566 2532 654 2590 auam
676 2534 740 2576 sum
760 2525 899 2578 constans
921 2523 951 2579 in
973 2523 1146 2580 retinendis.
1186 2520 1344 2594 Nunquam
1365 2521 1539 2578 simultatem
1560 2535 1619 2577 ec·
1634 2523 1702 2572 §.³2⁴-

341 2620 512 2677 eretricum
533 2635 567 2677 eo
589 2635 675 2694 quem
697 2635 765 2678 vere
787 2628 816 2678 et
836 2638 877 2679 ea
900 2624 999 2682 animo
1020 2625 1109 2682 semel
1135 2625 1278 2694 amorim,
1310 2628 1462 2681 contentus
1487 2622 1633 2679 remisisse

338 2719 588 2792 familiaritatem.
631 2727 721 2780 atrox
740 2724 890 2795 dispitiam
916 2726 953 2782 sit
971 2732 1099 2799 oportet,
1129 2727 1209 2799 arrad
1231 2725 1317 2800 apud
1336 2741 1382 2782 me
1411 2724 1533 2781 dirimat
1553 2724 1632 2781 ami-

300 2824 458 2882 mairiam:
489 2825 620 2897 exempli
638 2838 732 2882 eausa
759 2823 893 2894 referam
915 2842 1005 2885 unum
1025 2835 1115 2901 atque
1141 2830 1268 2886 alterurn
1289 2842 1408 2886 casum:
1439 2833 1509 2885 ante
1529 2826 1702 2883 anausim.

340 2926 455 2997 aliquot
476 2925 657 2999 scripseram
678 2927 831 2998 epistolam
855 2927 898 2985 od
921 2929 1109 2987 cardinalem
1133 2929 1340 3002 Mopuntinum
1362 2934 1466 2987 caretro
1488 2929 1634 2986 clamores

341 3026 539 3099 tbeolaporum
563 3024 790 3085 lovaniensium
809 3030 846 3086 in·
861 3028 1041 3097 bulborum·
1071 3046 1137 3088 eam
1163 3033 1231 3089 misi
1254 3032 1355 3088 tunica
1381 3029 1544 3087 obuolutum
1565 3043 1632 3087 cum

340 3129 532 3201 inscriptione
549 3127 593 3184 ad
608 3128 771 3201 quendam,
793 3132 845 3202 qui
864 3133 940 3189 nulli
958 3133 1053 3189 notior
1076 3141 1120 3189 est
1141 3148 1229 3203 qnam
1248 3131 1389 3202 llntleno,
1412 3130 1562 3188 mandans
1578 3130 1632 3198 illi,

342 3237 373 3287 ut
391 3231 419 3287 si
436 3229 585 3288 uideretur
606 3230 761 3302 redderet,
783 3234 829 3290 sin
851 3233 961 3303 minus,
989 3234 1034 3290 oet
1050 3234 1180 3305 flammis
1200 3234 1246 3291 ael
1259 3232 1346 3290 undis
1360 3231 1505 3289 aboleret:
1525 3231 1632 3288 existi-

301 3331 459 3389 2⁵mabam
479 3333 556 3389 enim
578 3333 676 3403 illum,
698 3334 750 3405 qui
771 3334 880 3391 eriuerel
900 3334 930 3390 in
949 3331 1073 3404 familia
1094 3333 1264 3391 cardinalis
1284 3341 1313 3390 et
1333 3334 1392 3403 illi,
1413 3341 1445 3389 ut
1458 3337 1518 3388 tum
1535 3336 1630 3401 putu-

340 3434 422 3506 bam,
453 3441 568 3492 esseta
595 3435 740 3506 consiliis,
772 3434 877 3492 melius
898 3450 982 3492 nosse
1004 3450 1122 3492 sensum
1142 3436 1306 3509 principis:
1334 3432 1408 3506 estid
1424 3430 1542 3503 facliem
1565 3424 1629 3486 est?

339 3535 432 3594 adila
452 3541 497 3593 est
513 3537 637 3608 epistola
657 3537 837 3608 emeatoque
857 3537 948 3610 typis,
972 3552 1026 3593 nec
1043 3536 1163 3595 reddita
1181 3538 1227 3595 illi
1247 3534 1290 3592 nd
1310 3549 1395 3608 (prtem
1417 3540 1484 3593 crat
1504 3531 1626 3604 scripta.

339 3637 390 3695 Ea:
411 3636 470 3695 bac
491 3654 525 3695 re
546 3653 635 3710 quum
656 3646 685 3696 el
702 3637 859 3696 cardinali
874 3640 978 3711 pratris
997 3639 1112 3696 inuidia
1128 3640 1311 3711 conflaretur
1331 3636 1417 3710 apud
1440 3633 1614 3693 Romanae-
1629 3638 1696 3687 §.tw

339 3755 399 3810 ses,
422 3744 453 3797 et
475 3737 549 3797 milti
566 3739 652 3813 apud
678 3747 792 3798 nostros
818 3741 890 3813 (iam
920 3742 997 3798 enim
1025 3741 1206 3816 triumphum
1228 3739 1434 3808 admonebunt,
1465 3736 1628 3809 ptoriantes

306 3850 385 3898 nme
407 3842 503 3898 teneri
521 3836 665 3921 medium)
687 3840 879 3913 blopuntinus
899 3848 1057 3904 commotus
1076 3846 1172 3917 exipit
1190 3844 1342 3921 epistolam
1364 3841 1407 3897 ad
1429 3855 1460 3896 sc
1477 3837 1629 3909 scriptum,

339 3957 407 4014 qttoe
428 3943 488 3998 iam
511 3948 588 4001 totos,
605 3951 665 4000 tres
686 3957 798 4001 menses
817 3959 876 4017 per
898 3946 1026 4003 omnium
1054 3961 1161 4003 maniis
1189 3943 1338 4004 uolitabat.
1377 3940 1497 4000 tandem
1518 3937 1630 3996 acriter

335 4044 488 4115 flapilanli
499 4043 620 4102 reddita
635 4049 680 4102 est
691 4059 728 4102 eo
744 4060 832 4116 ostam
846 4047 999 4117 miseram,
1022 4050 1197 4106 semilacera
1212 4063 1249 4105 ac
1264 4043 1516 4120 typoprapbomrm
1538 4047 1627 4097 otra-

338 4149 433 4201 menlo
453 4146 665 4203 contaminata.
709 4143 757 4201 Ea
778 4162 839 4215 res,
872 4155 905 4205 ut
927 4147 1038 4218 debuit,
1071 4165 1153 4221 apro
1180 4148 1283 4205 bouelt
1302 4147 1499 4230 principem,
1521 4140 1613 4209 mibi·
1629 4148 1689 4198 §.3²7

337 4261 394 4317 que
415 4245 643 4318 indipnabalur,
662 4248 819 4318 suspicans
840 4247 874 4304 id
893 4264 959 4306 mea
974 4251 1065 4322 culpa
1081 4248 1209 4320 factum.
1243 4248 1318 4306 nillil
1336 4247 1385 4306 bic
1404 4244 1529 4317 affinpo.
1566 4244 1628 4314 ipse

305 4345 507 4407 scaratnalls
524 4353 593 4420 post
613 4348 674 4404 suis
696 4348 792 4405 literis
813 4364 925 4406 mecum
947 4350 1223 4422 expostulantibus
1244 4349 1282 4406 de
1309 4365 1352 4406 re.
1402 4342 1481 4416 (luds
1500 4350 1616 4414 trapa·
1628 4343 1696 4393 iili·

338 4445 405 4504 dias
426 4448 584 4506 excitasset
598 4448 760 4522 Huttenns,
782 4448 896 4521 siquid
915 4450 978 4506 eius
994 4451 1114 4522 puteris
1135 4451 1338 4508 commisissem
1361 4450 1391 4505 in
1413 4439 1531 4520 ipsum?
1553 4442 1626 4498 Pri-

336 4563 415 4605 mum
435 4547 559 4622 prodita
579 4556 622 4607 est
635 4550 712 4621 fides
735 4550 765 4607 in
790 4550 941 4607 mandatis
964 4550 1070 4617 amici·
1098 4552 1197 4608 nocuit
1216 4565 1318 4608 causeo
1346 4549 1466 4619 autperto
1493 4542 1625 4616 epistota,

336 4665 403 4722 quea
417 4656 529 4708 secreto
544 4653 621 4709 lecta
636 4650 779 4725 prodesse
789 4656 923 4724 poterat·
936 4657 965 4709 et
978 4652 1106 4709 amicum
1120 4656 1150 4708 et
1159 4656 1319 4723 patronum
1334 4646 1542 4707 benemeritnm
1554 4658 1626 4714 pra·

336 4752 413 4808 uenit
431 4752 561 4818 inuidia·
578 4756 726 4825 postremo
742 4753 815 4810 mibi
827 4753 996 4825 principem
1016 4758 1128 4808 tantum
1146 4767 1186 4809 en·
1204 4751 1299 4808 arnico
1315 4748 1448 4807 reddidit
1465 4745 1624 4804 inimicum.

402 4951 421 4984 ¹¹
441 4954 541 5017 quaesti
561 4956 585 5002 1.
598 4968 654 5017 sqq.
707 4951 730 4984 ²⁰
748 4951 866 5015 exempli
885 4949 938 5015 c.]?
957 4952 1049 5016 immo¹
1069 4950 1228 5001 insectandi
1246 4963 1331 4999 causa
1349 4963 1423 5015 saepo
1442 4945 1546 5012 repetis
1564 4958 1626 4991 nar-

336 5036 530 5087 ratiunculam.
583 5035 604 5068 2'
623 5033 708 5102 quim]
728 5037 871 5086 Eraumiae
889 5050 943 5087 non
962 5035 1032 5086 dicis
1052 5035 1202 5100 ‘adipsum
1220 5033 1390 5083 Huttenum'.
