4367 6084
486 743 656 797 cccxcut.
676 760 778 795 caesar
793 761 855 795 aor.
869 761 906 795 an
918 760 1050 795 soanuvu
1064 761 1173 796 uassvir
1186 762 1229 795 ar.
1249 761 1276 794 n.
1293 754 1324 793 tt.
1338 759 1420 795 usar.
1439 755 1498 796 tati.
1569 733 1642 803 455

347 916 439 972 animo
462 923 558 972 nostro
580 917 719 972 dubitare:
748 917 795 973 abs
825 927 850 973 te
879 917 989 973 biennio
1017 918 1083 973 nibil
1108 925 1218 973 venerat
1239 918 1397 981 literarum,
1428 928 1456 974 et
1480 921 1552 975 sensi
1576 938 1643 976 nou·

347 1000 440 1056 nullos
462 1002 563 1056 amicos
587 1002 651 1057 mibi
675 1003 761 1057 factos
785 1002 949 1075 iniquiores,
980 1003 1051 1075 quod
1081 1003 1158 1056 noris
1180 1003 1353 1074 dogmatibus
1376 1003 1559 1060 reclamarim:
1590 1005 1642 1061 tale

348 1085 475 1157 quiddam
498 1086 530 1140 de
554 1094 581 1140 te
603 1086 736 1158 suspicari
759 1094 896 1158 poterium
926 1086 993 1140 nibil
1022 1095 1109 1141 tamen
1134 1086 1254 1141 sinistrae
1278 1087 1438 1159 suspitionis
1462 1106 1559 1161 passus
1582 1108 1641 1145 sum

348 1169 431 1225 altius
454 1170 482 1223 iu
505 1170 624 1225 animum
647 1187 735 1225 meum
756 1170 928 1225 descendere.
974 1172 1020 1226 sed
1044 1180 1074 1224 ut
1096 1171 1279 1232 descenderit,
1303 1188 1375 1245 quur
1397 1171 1557 1227 indicassem
1572 1191 1642 1247 prae·

327 1253 513 1309 ⁵tercundurn
535 1253 689 1316 Eobanum,
719 1272 801 1328 quum
825 1254 973 1309 Huttemmr
1002 1263 1029 1310 et
1057 1253 1198 1310 albertum
1220 1255 1296 1310 Pium
1326 1272 1495 1317 recenseam,
1525 1275 1641 1329 quorum

348 1347 464 1410 uterque
487 1346 601 1394 cruento
623 1338 727 1393 calamo
750 1356 792 1393 me
815 1339 911 1411 petiit?
943 1340 1086 1395 Postremo
1110 1338 1235 1394 thanus
1258 1340 1285 1394 in
1309 1358 1337 1394 se
1359 1339 1441 1394 babet
1464 1358 1518 1412 quo
1542 1358 1570 1396 se
1587 1359 1642 1397 no·

346 1421 450 1482 bilitet,
479 1430 509 1477 ut
537 1431 631 1478 nostra
661 1422 854 1495 predicatione
876 1423 919 1477 vix
941 1422 986 1477 alii
1010 1423 1099 1478 minus
1122 1422 1158 1477 sit
1181 1440 1258 1496 opus.
1283 1466 1547 1479 ............
1571 1425 1641 1482 Bene
1696 1413 1700 1419 ⁴

344 1687 432 1736 fuisse
452 1686 536 1747 collo,
562 1687 712 1737 Goelenius
737 1693 765 1738 et
783 1687 896 1752 pulchre
915 1687 999 1736 obeso
1018 1692 1046 1736 et
1065 1687 1136 1737 adeo
1154 1703 1208 1737 non
1227 1687 1321 1751 longo,
1347 1692 1378 1736 ut
1396 1694 1515 1739 mentum
1535 1693 1641 1754 pectori

344 1786 415 1834 pene
435 1773 595 1835 contiguum
613 1772 659 1820 sit.
707 1787 769 1821 nvn.
788 1773 849 1821 Non
867 1771 1056 1832 hicdecollo,
1081 1771 1129 1820 sed
1148 1772 1181 1821 dc
1200 1771 1264 1821 stilo
1289 1772 1467 1836 disputamus.
1504 1774 1641 1824 Caeterum

346 1860 377 1903 ut
396 1871 413 1904 a
431 1855 609 1919 Westphalia
627 1855 802 1916 recedamus,
823 1855 908 1905 habet
921 1854 1044 1903 Saxonia
1063 1856 1178 1905 iuvenes
1197 1871 1308 1906 summac
1322 1859 1394 1921 spei,
1415 1857 1484 1905 nibil
1502 1858 1639 1906 mediocre

344 1938 378 1987 de
399 1954 433 2011 se
458 1938 637 2003 pollicentes,
662 1954 773 2004 quorum
798 1945 840 1989 est
864 1944 893 1988 et
911 1938 1341 2004 Christophorus'Carlebitzium
1367 1941 1535 2005 imaginibus
1555 1931 1646 1991 moio-⁸

344 2039 403 2071 rum
423 2025 628 2081 ornatissimus,
653 2024 702 2073 scd
719 2023 810 2072 literis
829 2040 862 2073 ac
883 2024 1003 2072 moribus
1022 2024 1261 2087 compositissimis
1280 2025 1412 2074 ornatior.
1431 2041 1525 2075 verum
1543 2025 1638 2074 horum

344 2107 605 2157 commemoratione
625 2112 651 2156 tc
670 2123 724 2156 non
744 2108 883 2172 fatigabo,
904 2122 1015 2172 quorum
1035 2107 1141 2156 indoles
1160 2108 1249 2158 adhuc
1267 2108 1419 2158 subolescit
1437 2115 1477 2169 et,
1498 2114 1527 2158 ut
1545 2110 1587 2157 ita
1599 2109 1638 2157 lo-

344 2207 426 2256 quar,
453 2192 481 2240 in
504 2191 591 2241 herba
616 2197 667 2240 est.
704 2193 822 2257 Pergam
846 2192 880 2241 ad
904 2192 1024 2256 reliquos
1043 2192 1210 2254 Gernranos,
1236 2208 1347 2257 quorum
1366 2194 1495 2258 princeps
1514 2193 1567 2241 fuit
1586 2193 1638 2242 Ca-

343 2277 436 2340 pqion.
501 2291 562 2324 uos.
587 2276 637 2324 Vir
659 2292 787 2340 magnus,
808 2276 857 2324 sed
876 2277 965 2325 oratio
984 2274 1129 2325 redolebat
1147 2290 1224 2325 aurun
1247 2275 1370 2326 seculum
1395 2277 1485 2326 adbuc
1503 2277 1640 2326 horridius

343 2358 560 2423 impolitiusque.
598 2359 687 2423 qualis
706 2364 734 2409 et
752 2360 871 2408 Iacobus
884 2360 1106 2425 Wimpbeliugus
1121 2366 1148 2410 et
1160 2361 1184 2410 si
1198 2362 1244 2424 qui
1262 2366 1326 2410 sunt
1344 2361 1424 2410 huius
1437 2361 1555 2422 similes,
1576 2376 1639 2425 quo-

343 2459 402 2492 rum
421 2459 505 2507 opera
524 2449 617 2493 tamen
635 2460 689 2492 non
707 2459 801 2508 parum
819 2443 952 2492 utilltatis
971 2445 1092 2493 accessit
1111 2445 1267 2494 Germaniae
1285 2445 1399 2506 studiis,
1419 2459 1574 2508 quanquam
1593 2443 1638 2493 hic

342 2528 372 2575 in
390 2532 491 2591 nepote
509 2543 558 2576 suo
571 2528 767 2591 quodammodo
780 2528 920 2592 repubuit,
941 2528 1043 2577 Iacobo
1056 2528 1218 2593 Spiegellio.
1247 2544 1328 2578 arm
1349 2528 1500 2593 Capnionis
1519 2543 1584 2592 ergo
1597 2528 1637 2577 di·

343 2611 478 2675 scipulum
493 2612 622 2675 agnoscis
635 2612 792 2676 Philippum
805 2611 1066 2664 blelanchtbonemi
1114 2627 1174 2662 uos.
1193 2612 1269 2661 Nihil
1281 2613 1334 2662 hoc
1348 2614 1459 2678 ingenio
1473 2612 1593 2672 felicius,
1614 2613 1638 2660 si

342 2701 432 2744 totum
449 2701 579 2745 vacasset
596 2697 696 2755 Musis;
721 2710 793 2745 nune
817 2696 889 2745 hanc
909 2696 1018 2746 laudem
1037 2697 1138 2746 leviter
1156 2697 1301 2746 affectavit
1320 2713 1353 2745 ac
1372 2702 1478 2746 naturae
1498 2696 1637 2746 felicitate

342 2786 491 2829 contentus
509 2795 561 2829 nec
575 2780 644 2828 artie
657 2795 708 2829 uec
723 2796 795 2829 curae
814 2780 978 2844 permultum
996 2782 1031 2830 ad
1049 2780 1226 2830 scribendum
1245 2781 1383 2842 adhibuit,
1405 2786 1433 2829 et
1445 2780 1517 2829 haud
1530 2781 1589 2829 scio
1602 2795 1637 2828 an

343 2865 523 2913 affectantem
541 2865 619 2913 nervi
638 2864 741 2911 fuerint
759 2864 910 2914 defecturi:
930 2865 1111 2929 extemporali
1123 2865 1238 2913 dictioni
1251 2869 1333 2914 natus
1345 2866 1467 2915 videtur:
1487 2880 1560 2913 nunc
1573 2864 1638 2913 aliis

343 2949 467 2997 intentus
486 2948 651 3011 eloquentiae
670 2947 788 2996 studium
807 2963 909 3013 magna
928 2965 961 2997 ex
979 2955 1058 3013 parte
1077 2948 1187 2998 videtur
1205 2949 1351 2997 abiecisse.
1408 2963 1471 2998 ava.
1490 2949 1533 2996 En
1551 2948 1639 3013 igitur

341 3034 395 3082 tibi
407 3032 531 3082 Ulricum
544 3031 705 3080 Huttenum.
754 3047 814 3081 uos.
835 3034 885 3082 Sat
897 3033 1052 3097 splendoris
1065 3038 1092 3081 et
1112 3033 1199 3097 copiae
1218 3036 1332 3096 praestat
1351 3033 1382 3080 in'
1397 3033 1523 3082 oratione
1535 3031 1636 3095 soluta,

343 3119 371 3165 in
385 3117 506 3165 carmine
526 3114 636 3164 felicior
654 3121 726 3175 erat3
746 3123 875 3166 caeterum
895 3133 912 3166 a
926 3117 1068 3166 Ciceronis
1087 3117 1208 3180 imagine
1222 3115 1317 3179 procul
1330 3116 1438 3165 aberat.
1485 3130 1548 3165 ava.
1569 3116 1636 3164 Bili-

342 3201 454 3250 baldum
473 3201 548 3264 prins
567 3215 793 3250 commemorasse
813 3202 946 3265 oportuit,
974 3216 1026 3263 qno
1044 3200 1114 3248 duce
1133 3200 1247 3263 primum
1268 3200 1442 3249 efflorescere
1462 3201 1547 3264 coepit
1565 3201 1637 3264 apud

343 3285 495 3335 Germanos
513 3283 685 3347 eloquentia,
711 3298 791 3347 quam
815 3290 843 3333 et
865 3299 968 3333 morum
991 3285 1099 3348 pietate
1123 3289 1151 3331 et
1175 3284 1293 3332 fortunae
1312 3283 1457 3347 splendore
1477 3284 1636 3335 illustrarit.

342 3384 403 3418 nos.
428 3370 471 3418 An
495 3367 542 3417 ille
566 3373 698 3431 sequatur
721 3369 829 3430 nescio,
855 3374 931 3418 certe
955 3384 1009 3417 non
1033 3368 1201 3432 assequitur,
1227 3382 1280 3415 nee
1304 3372 1360 3415 tam
1383 3367 1477 3416 obstat
1495 3367 1636 3429 ingenium

341 3469 422 3517 quam
440 3452 608 3516 reipublicae
634 3454 753 3515 negocia
770 3468 919 3517 parumque
938 3467 1070 3517 prospera
1088 3450 1232 3512 valetudo,
1258 3467 1338 3515 quum
1357 3467 1411 3500 non
1429 3450 1501 3500 alius
1519 3451 1556 3499 sit
1569 3465 1635 3514 pro·

284 3595 288 3603 1
339 3539 475 3603 sperrima
498 3537 615 3602 dignior.
651 3541 744 3585 tamen
768 3553 802 3585 ex
825 3543 947 3600 tempore
970 3537 1097 3587 scribens
1121 3536 1189 3584 adeo
1221 3536 1344 3585 feliciter
1373 3536 1481 3585 abunde
1511 3535 1637 3585 declarat

342 3626 475 3686 quantum
493 3624 623 3686 prestere
642 3621 763 3682 valeret,
789 3623 813 3670 si
832 3637 931 3670 nervos
950 3621 1109 3670 intenderet
1126 3635 1197 3669 suos.
1256 3636 1318 3670 nvn.
1339 3618 1434 3670 Ulrico
1452 3620 1533 3669 Zasio
1551 3620 1635 3685 pluri·

341 3721 413 3755 mum
432 3705 523 3754 laudis
542 3705 638 3754 tribuit
650 3706 780 3754 universa
793 3706 950 3755 Germania.
1003 3720 1063 3754 uos.
1083 3706 1174 3754 Minus
1193 3709 1285 3753 tamen
1305 3720 1385 3768 quam
1403 3705 1446 3753 vir
1465 3703 1512 3752 ille
1530 3719 1635 3768 prome-

341 3791 410 3839 ritus
435 3793 489 3838 est:
521 3794 619 3853 praeter
644 3796 769 3839 exactam
793 3791 860 3839 iuris
884 3791 955 3854 quod
978 3790 1122 3855 profitetur
1146 3789 1293 3838 scientiam
1317 3789 1481 3839 felicissima
1511 3788 1636 3853 quiedam

342 3875 420 3924 adest
450 3873 495 3922 vel
525 3889 558 3922 ex
587 3879 709 3939 tempore
733 3873 874 3923 scribendi
902 3874 1068 3938 dicendique
1094 3873 1227 3933 facultas,
1253 3873 1361 3923 diceres
1385 3874 1538 3923 orationem
1556 3872 1637 3921 honis

342 3958 495 4021 electisque
515 3956 607 4006 verbis
625 3957 706 4006 simul
725 3975 757 4006 ac
782 3959 930 4007 sententiis
954 3975 987 4008 ex
1010 3958 1150 4008 uberrimo
1174 3959 1426 4022 quodammanare
1450 3959 1541 4016 fonte,
1567 3956 1636 4006 adeo

341 4059 392 4092 nec
411 4042 519 4091 resistit
536 4057 650 4105 usquam
668 4058 719 4092 uec
738 4042 825 4090 haeret
842 4058 895 4092 uec
913 4043 1109 4104 intersilescit3
1128 4049 1185 4093 tum
1205 4043 1284 4092 adest
1303 4044 1386 4092 etiam
1406 4044 1434 4091 in
1453 4041 1564 4106 scriptis
1578 4040 1635 4090 ala·

341 4129 426 4176 critas
445 4125 576 4175 iuvenilis
595 4129 622 4174 ct
640 4131 669 4174 ut
687 4127 728 4174 ita
747 4127 838 4175 dicam
857 4128 929 4176 vita:
949 4143 1067 4193 negares
1085 4130 1161 4178 senis
1180 4143 1240 4177 csse
1260 4128 1330 4192 quod
1343 4127 1429 4192 legis,
1448 4131 1572 4175 ettamen
1584 4126 1635 4175 Po·

340 4212 468 4261 litiannm
486 4212 597 4275 propius
616 4210 744 4273 exprimit
762 4224 842 4273 quam
854 4210 1025 4261 Ciceronem.
1084 4224 1147 4262 aaa.
1167 4212 1225 4275 Age
1245 4211 1293 4260 aed
1312 4227 1345 4259 ex
1363 4211 1486 4275 proximo
1503 4211 1556 4258 tibi
1575 4226 1635 4274 pro-

341 4297 401 4346 fero
419 4297 576 4345 Brunonem
599 4293 811 4342 Amerbacbium
835 4295 1004 4356 Rauracum,
1034 4311 1086 4360 quo
1114 4297 1175 4363 riro
1199 4293 1268 4343 nihil
1292 4308 1411 4357 unquam
1434 4301 1534 4342 notura
1558 4293 1636 4342 tinxit

342 4380 496 4430 candidius.
549 4393 610 4426 uos.
631 4378 774 4439 Quatenus
787 4376 854 4425 licet
868 4393 901 4426 ex
914 4383 996 4442 gustu
1009 4392 1191 4442 cognoscere,
1204 4375 1327 4441 ‘magnus'
1341 4382 1402 4425 erat
1414 4377 1536 4438 futurus,
1556 4379 1585 4426 ni
1599 4378 1637 4426 fe·

340 4465 447 4513 stinata
459 4478 530 4512 mors
543 4463 671 4512 iuvenem
683 4461 782 4510 studiis
796 4463 951 4526 eripuisset.
987 4477 1050 4511 ava.
1070 4461 1221 4511 Hearieum
1235 4459 1400 4508 Glareanum
1414 4462 1543 4524 agnoscis
1555 4461 1636 4511 Elve·

339 4549 427 4597 tium?
458 4562 519 4596 uos.
533 4547 560 4595 Is
574 4547 671 4595 maluit
683 4547 711 4594 in
725 4545 898 4610 philosophia
911 4561 944 4594 ac
957 4545 1163 4594 mathematicis
1175 4543 1329 4607 disciplinis
1343 4557 1542 4593 consenescere
1556 4559 1636 4607 quam

341 4632 468 4681 aemulari
486 4630 608 4696 phrasim
627 4630 853 4691 Ciceronianam,
878 4631 922 4677 cui
947 4631 992 4700 vix
1012 4631 1142 4679 convenit
1161 4643 1220 4677 cum
1240 4627 1443 4677 subtilitatibus
1462 4627 1635 4676 mathemati-

341 4731 443 4765 corum.
499 4729 562 4763 nva.
581 4715 659 4764 Unus
677 4719 817 4779 superest,
841 4698 965 4777 quamsi
988 4730 1042 4763 uou
1067 4713 1182 4777 recipis,
1208 4711 1385 4775 migrabimus
1409 4712 1438 4760 in
1456 4711 1635 4761 Pannoniam.

341 4794 510 4860 noszuis'?
558 4814 619 4849 nra.
639 4800 754 4865 Ursinus
772 4798 877 4847 Velius.
926 4813 987 4847 uos.
1007 4798 1039 4847 Iu
1053 4799 1174 4847 carmine
1189 4796 1269 4856 felix,
1290 4812 1340 4845 nec
1354 4795 1453 4844 infelix
1466 4796 1494 4844 in
1512 4795 1636 4844 oratione

341 4884 449 4944 soluta,
469 4883 595 4948 spiritum
615 4889 643 4933 ot
660 4883 828 4932 urbanitatis
845 4882 931 4931 babet
949 4881 1071 4941 offatim3
1092 4882 1139 4929 ubi
1157 4881 1290 4945 prodierit
1308 4880 1425 4929 historia
1444 4895 1523 4943 quam
1543 4880 1576 4927 de
1595 4895 1636 4927 re-

341 4971 392 5017 bus
412 4984 428 5016 a
447 4968 597 5015 Pannoniae
616 4967 809 5030 Bobemimquc
829 4983 894 5030 rege
908 4966 1083 5016 Perdinando
1101 4965 1188 5030 gestis
1208 4970 1301 5013 texere
1320 4964 1434 5026 dicitur,
1454 4963 1558 5012 certius
1575 4979 1635 5027 pro·

342 5052 544 5103 nunciabimus.
