4367 6084
504 651 577 722 328
614 661 840 715 (fcuxxxtuts
850 679 1040 713 anrnnrncsir
1054 678 1108 711 niro
1122 678 1251 714 urrrnno
1265 678 1301 712 on
1314 678 1417 712 criosnr
1433 680 1574 714 sroaorsn
1589 678 1757 712 nnsronoro.
1821 709 1830 726 ,

504 839 614 913 Alioqui
639 839 731 894 baudo
755 847 782 892 et
805 838 937 894 industria
961 837 1117 912 imponendi
1140 838 1241 893 iactum
1264 837 1330 892 nibil
1354 845 1411 899 est,
1434 839 1507 893 etsi
1530 837 1711 912 aliquotas,
1736 839 1806 895 llut-

506 935 568 982 teno
592 926 692 980 lactum
715 931 757 978 est
779 923 856 979 elain.

571 1004 657 1086 [tait]
712 1026 761 1065 na.
795 1009 953 1079 Respondit
985 1010 1075 1079 paulo
1110 1009 1205 1063 mitius
1238 1009 1294 1061 iam
1327 1009 1454 1063 extincto
1484 1009 1644 1064 Francisco
1677 1009 1806 1064 Sirbino.

506 1112 557 1152 or.
581 1094 624 1149 Sic
648 1094 763 1176 liberum
787 1101 829 1149 est
853 1093 900 1148 tibi
930 1092 1058 1167 quicquid
1087 1092 1114 1147 in
1143 1092 1252 1149 buccam
1281 1093 1386 1147 verrerit
1414 1093 1560 1166 suspicari.
1581 1092 1725 1154 iudicare.
1757 1112 1808 1149 nu·

506 1180 662 1254 gerit-nani
685 1178 717 1234 de
740 1178 914 1250 Siccingianu
933 1178 1034 1233 imulare
1057 1177 1122 1250 quid
1144 1186 1199 1240 est,
1227 1178 1299 1249 quod
1323 1177 1372 1233 tibi
1394 1186 1563 1250 compertum
1586 1196 1647 1234 esse
1671 1179 1782 1252 possit?
1816 1187 1829 1225 ⁵
1872 1249 1874 1254 y

517 1270 518 1273 ’
572 1258 658 1339 [stt]
704 1280 753 1319 nn.
779 1262 837 1319 Sed
857 1264 903 1318 ln'e
925 1278 1097 1335 conpressus
1116 1269 1346 1333 permonuimus
1361 1269 1426 1316 ertit
1441 1262 1562 1318 Romam
1577 1264 1618 1318 od
1629 1265 1808 1335 pontificem,

506 1353 535 1405 ia
559 1349 732 1419 Hispaniam
755 1350 794 1403 nd
816 1350 973 1415 Cesaram,
998 1349 1037 1402 od
1058 1349 1266 1414 Brabontiom,
1296 1348 1343 1423 ispi
1370 1354 1504 1402 strennos
1526 1348 1617 1403 babeo
1639 1349 1808 1419 sycophan-

507 1445 565 1499 tas,
589 1437 617 1489 im
641 1426 786 1506 Aomdum,
816 1433 880 1501 [ubi
900 1451 957 1488 non
979 1434 1130 1504 deficiunt}
1152 1435 1202 1504 qiii
1223 1448 1265 1487 rae
1289 1434 1423 1488 uolentem
1447 1434 1585 1487 nolentem
1606 1432 1725 1505 fociinit
1748 1433 1808 1488 Lu·

507 1521 669 1575 tirrannum.
736 1535 786 1574 or.
811 1517 910 1574 Nullibi
928 1535 990 1574 vero
1006 1526 1065 1573 erat
1081 1525 1302 1591 pronuntiaturus,
1320 1518 1347 1573 si
1364 1525 1531 1591 purpuratus
1546 1517 1682 1591 quispiam
1700 1518 1807 1572 Tbraso

507 1605 623 1680 petisset
647 1603 796 1676 alloquium
819 1603 861 1658 vel
882 1610 1045 1676 personatus
1067 1603 1227 1677 episeopus:
1257 1601 1310 1657 biis
1333 1602 1427 1675 utique
1450 1603 1661 1665 assurrexisses,
1687 1602 1738 1657 bos
1761 1620 1806 1658 ex·
1819 1611 1840 1649 ¹⁰

506 1689 640 1762 cepisses.
665 1687 827 1750 salutasses,
858 1687 1062 1743 intromisisses.
1107 1687 1182 1743 Nurac
1204 1695 1293 1743 autern
1316 1686 1383 1741 nibil
1406 1687 1532 1742 convenit
1554 1686 1602 1742 tibi
1624 1704 1687 1742 eum
1711 1705 1807 1760 pecca·

510 1774 616 1830 torilius
645 1783 672 1828 et
694 1773 856 1829 Lutberanis
885 1772 1030 1829 haereticis.
1075 1770 1127 1828 Sed
1151 1773 1215 1846 quid
1239 1772 1397 1827 tantundem
1419 1772 1530 1826 Romam
1554 1771 1667 1826 timebas
1691 1770 1807 1844 Babylo·

508 1877 569 1915 nem
592 1859 686 1916 illam?

572 1937 659 2020 [aaa]
705 1959 754 1998 nn.
784 1943 860 1997 Erat
886 1958 997 2013 mapnoe
1023 1943 1226 2007 diimoaitatis,
1251 1941 1365 2013 fateor,
1393 1943 1470 2012 quod
1496 1941 1653 1996 Hutteaum
1683 1942 1805 1996 admise-

508 2036 590 2094 runt,
621 2031 673 2084 sed
698 2029 829 2093 tarderis,
858 2029 935 2098 quod
955 2028 1132 2082 dimiserunt.
1201 2042 1251 2082 or.
1285 2025 1313 2081 Si
1335 2025 1498 2081 Erasmianac
1527 2026 1642 2081 luissent
1665 2017 1838 2098 Spongiam

510 2132 563 2168 non
586 2114 767 2173 dimisissent:
796 2112 842 2168 sed
866 2111 947 2185 longe
970 2111 1021 2168 alia
1044 2121 1085 2167 est
1109 2111 1205 2167 invicta
1229 2128 1336 2184 semper
1357 2109 1540 2166 llelretiorum
1563 2128 1646 2181 gens.
1670 2128 1753 2184 quam
1776 2119 1805 2164 nt

511 2216 561 2272 pro
583 2197 773 2272 perlldissiinis
796 2197 910 2271 papistis
934 2197 1093 2270 sauguinem
1116 2197 1204 2251 tradat
1226 2195 1411 2250 innocentum.

573 2277 661 2360 [aaa]
707 2299 756 2338 nn.
786 2282 897 2338 Utinam
920 2290 1014 2338 etitem
1039 2282 1184 2337 Hottenus
1205 2282 1247 2335 sic
1269 2287 1448 2351 separaret,
1478 2286 1508 2334 ut
1537 2281 1676 2335 bonoram
1705 2280 1805 2334 dumo·

509 2370 597 2423 nitote
615 2375 759 2439 perpetuo
777 2375 876 2438 posset
899 2369 948 2423 uti.
1015 2383 1065 2423 or.
1089 2366 1230 2439 Nunquam
1253 2372 1295 2420 est
1318 2364 1432 2425 abusus:
1456 2372 1486 2418 ut
1502 2381 1565 2419 sero
1580 2372 1717 2438 perpetuo
1734 2364 1804 2419 irue-

511 2460 601 2514 retur,
625 2469 713 2526 neque
736 2453 821 2508 risum
844 2460 886 2508 est
901 2452 1070 2513 consultum,
1095 2469 1182 2524 neque
1197 2449 1394 2506 Christianum:
1418 2466 1479 2504 nam
1495 2448 1665 2522 quorundam
1680 2448 1835 2504 doctrinas

511 2545 538 2592 et
561 2537 613 2591 rita
636 2555 697 2592 cum
720 2537 859 2610 euangelio
883 2537 1055 2611 pugnabant,
1079 2555 1093 2592 a
1117 2536 1216 2608 quibus
1238 2533 1397 2608 expediebat
1419 2534 1554 2606 separari;
1577 2550 1666 2607 neque
1689 2532 1806 2590 amicitia

509 2630 565 2684 ost,
590 2621 636 2675 sed
659 2620 810 2692 simulatio,
834 2638 894 2694 quae
917 2640 978 2677 cum
1000 2620 1140 2695 evangelio
1163 2637 1218 2677 nou
1240 2627 1282 2675 est
1304 2619 1456 2674 coniuncta.

576 2700 661 2780 [lue]
707 2722 756 2760 na.
781 2706 839 2760 Sed
859 2707 881 2760 ii
901 2708 952 2777 qni
968 2707 1173 2777 permittebant
1198 2706 1367 2775 hospitium,
1397 2705 1601 2770 admonebant,
1631 2709 1806 2773 temperaret

511 2810 528 2844 a
552 2790 657 2856 uerbis,
689 2791 763 2845 unde
793 2793 930 2846 tiirnultus
956 2792 1066 2861 aliquid
1087 2792 1170 2845 riosci
1186 2795 1293 2860 posset.
1361 2805 1412 2845 or.
1436 2787 1492 2844 lloc
1514 2787 1615 2860 alioqui
1639 2796 1699 2843 erat
1723 2789 1806 2844 laetu·

511 2893 573 2935 rus,
597 2874 703 2930 etiamsi
726 2892 780 2930 non
803 2874 1024 2931 admonuissent:
1058 2893 1119 2930 nam
1142 2884 1280 2947 utcunque
1303 2882 1380 2930 atrox
1403 2881 1461 2928 eret
1484 2873 1511 2928 in
1534 2871 1611 2933 stilo.
1642 2872 1669 2927 in
1692 2872 1837 2928 familia-is

511 2959 587 3015 ribus
617 2958 763 3033 colloquiis
791 2960 831 3014 ris
860 2961 1003 3034 quisquam
1033 2959 1080 3016 illo
1112 2946 1163 3015 luit
1193 2959 1351 3020 humanior,
1385 2967 1415 3013 ut
1443 2957 1558 3012 dixisses
1586 2974 1642 3012 uon
1670 2956 1808 3030 assequi

512 3045 673 3118 scripserat:
709 3052 845 3100 testantur
868 3046 919 3101 boe
941 3052 968 3100 et
992 3044 1030 3100 illi
1054 3045 1100 3118 qui
1124 3044 1296 3117 undiquaque
1319 3061 1351 3099 ex
1374 3042 1469 3098 alienis
1499 3042 1579 3097 terris
1609 3041 1640 3097 ad
1665 3060 1694 3097 se
1719 3043 1807 3097 viden·

511 3130 574 3184 duur
597 3129 820 3201 commigrabant.
1279 3113 1288 3130 ⁰

578 3209 663 3290 [tbi]
708 3231 758 3271 un.
790 3214 865 3281 Quid
885 3215 938 3269 doc
961 3216 999 3270 od
1021 3230 1063 3269 me
1086 3216 1137 3285 qui
1158 3217 1207 3269 oie:
1228 3214 1350 3268 subsisto
1373 3214 1513 3268 adversus
1535 3213 1691 3268 invidiam?
1758 3228 1806 3269 or.

514 3300 564 3355 Sed
588 3318 620 3355 an
644 3318 698 3354 nou
722 3300 788 3355 satis
811 3300 936 3355 subsistit
965 3307 992 3354 et
1022 3308 1121 3372 potens
1149 3308 1190 3353 est
1213 3297 1259 3371 qui
1282 3306 1324 3351 est
1346 3296 1533 3352 Christianus?
1564 3303 1592 3351 et
1614 3296 1638 3351 si
1662 3303 1838 3370 tantoperest

514 3384 644 3442 innocens
668 3404 696 3442 es
719 3384 752 3440 ab
774 3385 926 3441 butlierana
952 3374 1082 3446 lectione,
1107 3383 1170 3456 quid
1195 3383 1324 3437 times'ne
1345 3380 1444 3437 eoelum
1467 3382 1545 3436 ruat?
1580 3380 1746 3436 Tutissimus
1768 3389 1810 3435 est

515 3487 594 3543 quem
618 3470 773 3526 innocentia
797 3478 897 3525 tuetur.

580 3549 665 3631 [tto]
711 3572 761 3610 nn.
790 3554 1157 3624 CordimolisMopoatinus
1182 3553 1239 3607 iom
1264 3553 1379 3622 pridem
1408 3551 1565 3605 Huttenum
1591 3549 1745 3621 efnmilio
1767 3551 1809 3604 di-

515 3641 632 3696 miserit.
699 3656 749 3696 or.
778 3638 927 3694 Cardinalis
957 3639 1016 3700 ille,
1047 3637 1225 3712 qualisqualis
1253 3645 1309 3698 est,
1341 3653 1429 3708 neque
1457 3635 1550 3697 eiecit,
1579 3651 1668 3708 neque
1692 3633 1810 3690 libenter

514 3725 616 3779 dimisit
639 3742 653 3779 a
677 3742 721 3785 se;
755 3723 889 3778 subtraxit
912 3732 1002 3779 autern
1025 3724 1099 3778 ultro
1122 3740 1151 3777 se
1174 3740 1205 3778 eu
1228 3719 1301 3781 aula,
1324 3738 1384 3775 eum
1409 3721 1459 3775 iam
1483 3729 1565 3774 tantae
1588 3726 1681 3774 essent
1704 3719 1842 3778 insidiam

515 3828 528 3864 a
553 3808 781 3866 llornanensibus⁸
812 3817 841 3862 ut
875 3816 933 3862 tuln
962 3808 1062 3862 versari
1091 3825 1144 3862 non
1174 3816 1282 3880 posset,
1311 3822 1473 3879 quamquain
1496 3821 1528 3859 ue
1552 3803 1607 3859 haee
1635 3821 1747 3876 quoque
1770 3810 1811 3858 est

515 3895 601 3965 prima
624 3911 733 3953 caussa:
768 3893 814 3947 sod
837 3892 965 3964 quioniam
988 3891 1096 3947 volebat
1117 3909 1209 3946 arcere
1232 3891 1272 3946 illi
1293 3890 1424 3946 calamum
1446 3887 1604 3947 cardinalis.
1629 3906 1662 3942 no
1679 3887 1812 3943 scriberet

516 3977 542 4030 in
565 3977 733 4035 cortisanos.
763 3993 818 4030 non
841 3993 938 4048 passus
961 3985 1003 4030 est
1024 3976 1141 4031 uiliorem
1169 3975 1219 4031 sibi
1247 3975 1314 4030 banc
1338 3975 1481 4031 licentiam.
1526 3973 1631 4028 luterea
1655 3981 1747 4027 tamen
1771 3990 1812 4026 re·

516 4069 628 4116 iocatus
648 4066 693 4115 'est
716 4077 766 4132 per
789 4060 895 4119 literas,
920 4077 974 4114 rien
998 4059 1095 4120 seusei,
1120 4060 1208 4132 iisque
1231 4077 1310 4115 manu
1334 4059 1455 4132 episcopi
1479 4057 1597 4131 seriptis.
1637 4056 1715 4112 solus
1738 4057 1810 4112 enirn

515 4153 574 4199 erat
597 4145 642 4217 qui
665 4143 781 4200 audebat
803 4143 888 4199 libere
910 4146 1054 4199 :alnionere
1076 4143 1243 4218 episcopum.
1821 4161 1844 4199 io

581 4224 667 4306 [iii]
712 4245 761 4284 nn.
793 4230 970 4284 Franciscns
997 4228 1148 4284 Siclnniins
1176 4246 1231 4300 qno
1259 4231 1375 4284 consitio
1397 4230 1502 4283 dimisit
1525 4227 1684 4282 Huttennm
1713 4227 1749 4280 ab
1771 4241 1811 4293 se,

517 4317 573 4370 nisi
594 4318 661 4386 qnia
685 4316 791 4370 vitabat
812 4316 965 4370 inuidiam?
1031 4331 1081 4368 sir.
1111 4313 1187 4381 Qiiod
1216 4332 1304 4386 noque
1332 4313 1367 4367 ob
1396 4312 1521 4368 iuvidiam
1543 4311 1692 4371 dimiserit,
1722 4327 1812 4385 neque

517 4418 635 4474 iiiiquain
659 4399 729 4456 riialo
752 4400 843 4464 aninni¹
865 4401 948 4455 luerit
971 4400 998 4453 in
1021 4399 1183 4460 llutteinmi,
1209 4407 1292 4453 testes
1314 4396 1423 4470 appello
1447 4396 1519 4452 illius
1543 4396 1707 4469 superstites
1730 4394 1811 4450 lilios.

517 4485 613 4558 quodsi
637 4503 708 4540 nium
731 4485 831 4539 riserat
855 4485 1047 4557 integerrimus
1070 4484 1123 4546 sir,
1147 4493 1289 4554 resurgeret.
1312 4490 1339 4538 et
1361 4482 1478 4555 ipsemet
1499 4482 1552 4536 boc
1568 4481 1594 4535 in
1611 4478 1735 4553 iugulum
1752 4479 1811 4534 tibi.

516 4588 669 4645 quanquam
700 4571 762 4643 quid
797 4578 840 4623 ost
874 4570 925 4625 lme
957 4569 1092 4629 criminis,
1126 4568 1231 4623 etiamsi
1264 4567 1431 4622 dimisissent
1461 4565 1619 4626 cardinalis,
1654 4565 1845 4638 Sicbingiusss

584 4752 774 4801 ⁷strennuos
795 4757 818 4801 1.
890 4753 1036 4800 *riliinon
1056 4749 1122 4814 defi]
1146 4753 1352 4799 cinisemomnes.
1422 4748 1538 4798 ⁰'l'rnso
1559 4751 1617 4798 tn.
1690 4746 1711 4778 ¹⁰
1729 4747 1765 4797 iis
1785 4750 1811 4796 3.

517 4836 568 4868 ¹⁴³³
587 4837 757 4886 admiserant
769 4828 862 4888 omnes.
915 4834 937 4866 ²⁰
956 4834 1085 4885 uallium.
1103 4838 1126 4884 t.
1144 4837 1193 4884 sed
1204 4839 1229 4883 in
1241 4837 1337 4883 erratis
1349 4833 1394 4882 uel
1407 4835 1514 4891 detetur.
1528 4834 1572 4882 uel
1587 4833 1745 4892 humanior,
1766 4831 1811 4882 uel

516 4921 627 4970 ciuilior
647 4925 670 4969 2.
723 4919 744 4953 ³¹
765 4919 810 4986 ab]
831 4937 847 4971 a
868 4924 892 4969 3.
946 4919 1211 4985 ³³n10guntinusa.
1262 4917 1284 4950 ³⁷
1303 4916 1442 4983 quoniam]
1462 4933 1521 4967 eum
1543 4920 1568 4966 3.
1621 4914 1642 4948 ⁴¹
1662 4916 1812 4966 Siekenins

518 5008 542 5053 3.
558 5009 614 5053 113.
666 5005 684 5035 ⁸³¹
703 5005 849 5055 Siclienius
869 5008 894 5051 2.
931 5005 1092 5071 Siokingius
1114 5006 1139 5053 3.
