4367 6084
522 755 722 808 cccxxxm.
743 771 862 807 aronam
876 771 980 807 nesam
994 770 1138 807 snvuasvs
1152 768 1325 804 nsesnomus
1339 769 1472 804 ααττααι.
1574 739 1648 811 293

348 930 425 990 mihi
443 931 605 990 consultius
627 931 719 987 uisum
741 935 785 987 est
806 929 855 988 hic
874 930 1099 1002 conquiescere,
1123 927 1217 987 donee
1236 929 1390 1001 principes
1411 933 1440 985 et
1457 926 1570 985 eruditi
1582 935 1648 985 stu-

349 1034 410 1092 diis
429 1033 542 1091 omissis
561 1036 704 1105 expetant
722 1047 759 1089 ea
777 1032 902 1090 consilia
925 1025 1018 1103 *qnae
1035 1031 1099 1088 sine
1110 1031 1243 1113 ⁸tumultu
1260 1031 1450 1104 prospiciant
1466 1031 1647 1101 euanpelicee

350 1136 471 1194 ueritati
488 1140 517 1192 et
533 1135 641 1205 ploriee
663 1132 780 1190 Chresti.
815 1131 934 1191 Battum
956 1148 1025 1190 uero
1044 1138 1102 1206 est,
1124 1131 1205 1206 quod
1224 1131 1295 1189 dum
1318 1131 1415 1188 studet
1436 1131 1533 1189 vidui
1544 1129 1636 1201 sesti·
1648 1144 1717 1195 §.ssu

350 1253 420 1308 aas,
442 1237 486 1293 ait
506 1235 580 1292 mihi
598 1250 653 1293 ceu
678 1233 801 1307 Caiphae
823 1249 923 1292 oerum
943 1234 1092 1292 excidisse
1112 1233 1464 1305 dietum,‘Lntheranam
1481 1231 1647 1290 doctrinam
1700 1236 1705 1246 '

325 1344 439 1397 suram
465 1338 596 1411 opprimi
616 1352 674 1393 nan
693 1351 795 1409 posse,
817 1337 877 1393 nisi
896 1336 984 1394 simul
1003 1341 1129 1394 corruat
1148 1334 1225 1392 bona
1242 1351 1319 1409 pars
1340 1336 1521 1407 enartpelieoe
1539 1351 1648 1408 symea

349 1442 447 1498 nitatis
475 1455 512 1497 ae
535 1438 664 1510 publica
694 1438 849 1508 libertatis,
884 1439 971 1510 quasi
996 1452 1054 1494 non
1082 1437 1161 1495 idem
1192 1452 1310 1510 semper
1335 1438 1567 1494 constantissime
1588 1441 1648 1493 tum

351 1541 440 1625 dietis
471 1547 531 1598 tum
559 1540 679 1613 seriptis
708 1541 763 1597 sim
786 1545 913 1597 testatus.
958 1538 998 1596 Et
1017 1538 1073 1596 hoc
1091 1553 1138 1597 me
1160 1538 1338 1609 discruciat,
1368 1516 1436 1596 isias
1458 1539 1501 1596 sie
1526 1553 1648 1597 calisam

351 1659 457 1716 apere,
486 1643 574 1715 qnasi
593 1643 711 1699 seruari
730 1642 836 1711 nolint,
868 1642 985 1698 tametsi
1004 1640 1105 1713 siquid
1125 1646 1205 1698 reete
1226 1641 1311 1699 docet
1330 1640 1493 1711 lutherus,
1526 1645 1648 1697 nonest

350 1743 487 1812 lutheri,
510 1742 566 1801 sed
588 1740 707 1800 Christi.
752 1741 819 1800 Iam
839 1744 936 1814 finqat
960 1757 1006 1800 me
1032 1742 1164 1800 seribere
1183 1749 1288 1800 contra
1310 1741 1487 1808 lutherum,
1511 1757 1551 1798 an
1572 1743 1715 1803 eiusaun.

319 1847 399 1904 torci
418 1847 464 1904 ius
485 1860 543 1902 non
564 1846 622 1902 erit
641 1847 671 1903 ei
691 1846 744 1917 qui
763 1859 830 1902 eum
850 1842 979 1902 Luthero
1001 1859 1154 1917 nunquam
1177 1844 1315 1902 habuerit
1329 1842 1447 1914 faedus,
1471 1849 1500 1901 et
1517 1859 1574 1916 qua
1590 1842 1647 1900 dc-

351 1948 489 2007 hortante
510 1962 573 2004 rem
595 1951 624 2005 et
644 1948 734 2021 erepit
754 1952 783 2004 et
803 1945 954 2018 hucusque
972 1941 1134 2019 prooessit?
1164 1946 1277 2017 Finpat
1297 1962 1343 2003 me
1365 1947 1447 2003 initio
1465 1944 1562 2016 fuisse
1582 1943 1648 2004 Lu-
1679 2020 1681 2026 Α

351 2049 434 2107 thero
452 2047 618 2119 santarem,
652 2064 693 2105 an
715 2035 897 2106 ideo'erunt
921 2048 995 2106 mihi
1021 2048 1180 2121 probanda
1202 2049 1301 2105 omnio
1333 2063 1400 2121 quae
1427 2047 1529 2106 scribit
1536 2050 1550 2113 ,'
1575 2046 1647 2120 quia

347 2153 533 2225 placuerunt
560 2145 712 2209 camilia?
736 2149 816 2219 (laid
842 2150 870 2206 si
892 2148 1041 2207 Latherus
1060 2150 1186 2224 posthac
1207 2148 1318 2207 scribat
1340 2149 1485 2207 adeersus
1505 2148 1646 2206 articulos

348 2247 446 2324 fidei?
476 2267 515 2309 an
539 2251 685 2310 Huttenus
713 2250 819 2309 vetabit
845 2251 989 2308 aduersus
1015 2265 1081 2309 eum
1110 2245 1263 2308 seribere?
1291 2250 1350 2308 Cur
1371 2256 1468 2309 autem
1490 2249 1716 2313 Huttennssnon.

320 2367 444 2427 musque
465 2353 542 2412 adeo
556 2352 668 2424 seracit
685 2353 829 2411 aduersus
848 2367 896 2410 eos
915 2353 968 2424 qui
981 2352 1116 2410 scribunt
1130 2351 1275 2410 aduersus
1289 2351 1463 2418 lutherum,
1487 2367 1554 2410 cnm
1572 2351 1648 2407 nihil

350 2457 466 2514 intersit
487 2456 564 2512 iuter
586 2455 785 2528 disputantem
805 2460 834 2512 et
853 2449 1048 2512 scribentem?
1076 2453 1225 2512 Lutherus
1246 2454 1290 2511 ad
1309 2454 1535 2528 disputationem
1558 2453 1646 2510 etiam
1680 2518 1684 2525 ,

319 2626 321 2628 ,
346 2563 502 2632 provocat.
546 2554 581 2614 Si
600 2556 737 2615 doctrina
757 2557 837 2614 itlius
855 2571 984 2630 syncera
1004 2562 1061 2627 est,
1082 2573 1140 2630 per
1160 2556 1421 2615 contradictionem
1444 2558 1521 2614 αεΙαι
1539 2569 1646 2612 aurum

350 2661 419 2732 ique
433 2664 598 2732 purqotum
616 2659 713 2730 inopis
735 2660 895 2725 elttcescet,·
914 2658 960 2714 sin
980 2656 1067 2728 salsa
1088 2666 1144 2729 est,
1172 2664 1251 2717 recte
1272 2659 1466 2733 impuqnatur
1488 2657 1526 2715 ab
1548 2657 1647 2715 omni-

350 2761 420 2828 bus,·
453 2761 500 2818 sin
521 2758 659 2833 quaedam
684 2759 770 2817 habet
795 2757 883 2829 salsa
907 2760 984 2818 aeris
1011 2760 1164 2830 admenta,
1196 2767 1390 2834 repurpatur.
1435 2760 1481 2816 An
1499 2760 1717 2833 proconesson.

317 2874 340 2912 ²⁰
350 2863 520 2922 subvertero
540 2866 627 2919 tatum
648 2862 847 2932 ettanqelium,
874 2863 902 2919 si
921 2876 988 2921 eum
1007 2860 1137 2920 Luthero
1159 2862 1319 2936 disputem,
1348 2879 1389 2920 an
1415 2862 1536 2936 quilibet
1556 2860 1647 2919 Chri-

349 2967 465 3024 stianus
486 2965 524 3022 sit
543 2961 698 3033 sacerdos,
732 2979 772 3020 an
800 2964 900 3021 omnia
926 2970 1096 3021 sanctorum
1118 2978 1212 3038 opera
1239 2966 1298 3023 sint
1320 2960 1469 3039 peccota?
1501 2962 1648 3020 lutherus

349 3069 413 3141 ipse
435 3080 493 3130 uon
512 3063 663 3136 formidat
682 3078 791 3135 meum,
826 3065 883 3123 imo
905 3081 960 3123 nec
984 3067 1160 3138 cuiusquam
1185 3069 1341 3135 assultum,
1374 3066 1429 3124 sed
1452 3064 1530 3136 sorti
1548 3067 1647 3123 animo

348 3173 490 3242 expectat
502 3166 662 3224 Erasmum
678 3168 705 3223 si
714 3165 853 3239 prodeat.
891 3165 969 3235 (laid
983 3168 1075 3236 iqitur
1091 3169 1287 3225 tumultuatur
1305 3168 1464 3238 Huttenus,
1480 3173 1647 3240 suspectam

349 3272 467 3329 interim
489 3268 618 3326 reddens
638 3266 763 3326 lutheri
782 3267 964 3335 doctrinam,
986 3282 1074 3339 quam
1095 3270 1137 3325 ita
1155 3268 1270 3326 demum
1291 3268 1398 3326 eredat
1415 3266 1486 3338 fore
1503 3268 1645 3337 stabilem,

316 3384 341 3423 ns
349 3374 377 3429 si
397 3386 482 3429 nemo
503 3364 686 3441 labefactet?
706 3368 781 3427 Haec
801 3370 927 3442 loquor„
941 3383 999 3427 non
1021 3368 1102 3442 quod
1121 3364 1195 3427 mihi
1213 3372 1251 3427 stt
1272 3372 1389 3427 animus
1403 3370 1549 3441 conpredi
1564 3385 1631 3427 eum
1646 3384 1711 3432 §.ios

348 3473 492 3540 Luthero,
515 3474 543 3530 si
561 3474 650 3530 liceat
670 3472 888 3543 conquiescere,
910 3470 965 3527 sed
978 3476 1010 3527 nt
1023 3468 1148 3528 Hutteni
1160 3473 1316 3531 calumniis
1333 3473 1540 3546 respondeam.
1576 3470 1641 3543 Epo

356 3577 561 3644 Vertumnum,
584 3574 721 3631 Proteum
742 3589 779 3631 ac
796 3572 940 3648 Polypum
961 3576 1022 3647 epi,
1044 3580 1150 3632 memet
1168 3575 1198 3631 in
1217 3575 1316 3632 omnia
1337 3582 1467 3646 uertens,
1490 3577 1566 3634 nibil
1583 3592 1640 3634 non

347 3684 377 3736 et
395 3675 517 3748 faciens
537 3683 566 3733 et
584 3678 715 3749 patiens,
747 3691 784 3737 ne
803 3677 1003 3749 pertraherer
1029 3678 1059 3734 in
1088 3675 1168 3734 hane
1195 3692 1320 3735 arenam
1341 3678 1564 3752 qtadiatoriam.
1610 3679 1640 3734 in

348 3780 452 3837 aulam
471 3777 710 3852 pertrahentibus
728 3776 864 3835 manibus
881 3793 918 3836 ac
934 3778 1061 3853 pedibus
1077 3780 1222 3836 eucusaoi
1240 3795 1303 3846 me,·
1324 3781 1468 3838 intentata
1485 3797 1525 3838 en
1544 3781 1642 3838 altera

312 3888 438 3956 soparte
456 3881 595 3955 pericula
611 3881 724 3953 partim
753 3879 913 3951 declinavi,
942 3882 1057 3954 partim
1079 3883 1271 3954 propulsati,
1298 3883 1414 3955 partim
1442 3882 1642 3948 dissimulavi:

350 3985 468 4069 Caesari
486 3999 532 4041 me
552 3982 700 4051 subduxi·
728 3980 871 4052 fortunas
892 3981 1006 4041 oblatas
1032 3989 1203 4042 constanter
1224 3987 1378 4052 reeusani,·
1402 3991 1442 4044 tot
1463 3984 1642 4053 monarchis,

347 4093 389 4144 tat
399 4085 602 4159 principibus,
618 4089 658 4142 tot
671 4085 774 4142 amicis
792 4083 849 4142 leuc
865 4084 1032 4143 evocantibus
1047 4087 1193 4142 encetsaei
1205 4101 1258 4144 ute.
1298 4085 1369 4145 ‘Sed
1385 4089 1438 4161 qui
1458 4094 1485 4146 te
1501 4084 1633 4146 incitant'
1647 4099 1714 4149 onos.

347 4191 444 4261 inquit
466 4187 618 4245 ‘aduersus
631 4186 805 4255 lutherum,
827 4195 881 4244 aut
898 4187 1092 4259 potentissimi
1105 4195 1174 4245 suut
1188 4194 1241 4245 aut
1251 4191 1387 4262 pessimi,
1410 4196 1463 4247 aut
1477 4187 1644 4262 utrunque’.

352 4288 447 4348 Tanto
476 4291 571 4361 napis
595 4288 742 4346 Huttenus
772 4288 895 4346 debebat
921 4289 1073 4346 admirari
1093 4292 1288 4347 constantiam
1316 4306 1427 4347 meam:
1460 4295 1513 4362 qni
1534 4299 1645 4364 paten-

310 4392 559 4460 assassinium,
590 4391 636 4447 his
658 4392 688 4447 in
709 4391 838 4463 procliui
856 4394 899 4446 est
922 4397 950 4446 et
967 4389 1099 4462 perdere
1126 4396 1155 4446 et
1180 4405 1321 4457 εεναααε,Ι
1346 4393 1399 4463 qui
1421 4393 1544 4463 pessimi
1567 4398 1644 4460 sunt,

344 4492 496 4566 facillima
525 4492 656 4559 aeannt,·
689 4493 742 4564 qui
765 4496 836 4573 sunt
857 4497 1017 4563 utrunque,
1044 4493 1139 4563 mapis
1158 4492 1247 4548 etiam
1268 4497 1336 4549 sunt
1358 4490 1586 4562 formidabiles:
1617 4497 1646 4547 et

347 4602 446 4654 tamen
467 4594 609 4653 hactenus
631 4609 685 4651 nea
707 4591 745 4648 ab
766 4593 813 4650 his
831 4594 963 4667 perpelli
980 4595 1079 4667 potuit
1100 4592 1246 4650 Erasmus
1269 4595 1317 4651 iile
1339 4594 1475 4663 infirmus
1500 4598 1529 4650 et
1549 4592 1643 4650 imbe-

345 4699 425 4757 cillis
445 4703 475 4753 et
496 4696 540 4753 ad
560 4697 693 4769 quamuis
715 4710 822 4752 auram
842 4695 964 4754 mobilis.
1004 4695 1128 4752 Interim
1152 4694 1261 4752 irridet
1280 4700 1310 4752 et
1329 4695 1405 4752 illud
1426 4692 1506 4766 quad
1526 4695 1635 4766 scripsi
1644 4708 1714 4758 §.aa

346 4806 437 4859 totum
459 4797 601 4856 mundum
623 4813 732 4856 acuere
753 4798 850 4855 stilum
877 4799 908 4855 in
936 4797 1113 4866 lutherum,
1147 4803 1176 4855 et
1195 4797 1349 4854 minitatur
1367 4794 1439 4866 sore
1458 4794 1644 4854 Lutlreranos

308 4918 335 4957 so
347 4904 402 4976 qui
420 4902 518 4959 stilum
541 4905 653 4957 acuant
673 4901 704 4957 in
723 4914 783 4964 me,
815 4899 947 4971 iubetque
966 4900 1022 4959 sibi
1035 4900 1262 4959 commonstrari
1278 4900 1368 4957 alium
1388 4898 1535 4971 quendam
1554 4913 1644 4954 mun-

415 5083 426 5117 ⁴
447 5082 496 5150 ait]
516 5085 629 5149 Expost.
644 5085 667 5144 ξ.
682 5083 741 5132 222.
790 5081 812 5113 33
832 5081 930 5148 inquit]
951 5085 1064 5150 Expost.
1079 5087 1103 5146 ς.
1116 5084 1175 5135 205.
1227 5084 1249 5117 33
1268 5083 1354 5150 irrid.]
1374 5086 1489 5150 Expost.
1503 5084 1526 5144 ἓ.
1543 5082 1599 5132 lon.
