4367 6084
542 709 615 779 272
716 723 914 773 cccxxxlu.
935 739 1055 774 sionem
1068 739 1171 774 susem
1184 740 1326 775 Ans'nnsvs
1340 738 1512 774 Ascunmnts
1525 738 1657 775 nvrrsst.

542 895 617 953 uiuit
646 911 720 968 opus
752 901 819 952 erat
851 895 963 953 ambire
992 897 1183 969 colloquium,
1219 898 1283 969 ipse
1308 898 1385 953 uitro
1412 899 1456 954 uel
1482 911 1643 967 conpressu
1671 896 1717 952 oct
1742 896 1830 951 literis

542 998 677 1054 nascenti
701 997 778 1053 malo
803 997 968 1055 medicatus
988 996 1132 1068 fuissem:
1165 1012 1290 1055 naruea
1311 996 1472 1068 dequibus
1498 996 1610 1054 uolebat
1633 997 1829 1069 expostulare,

474 1112 631 1170 §.anrcum
659 1098 719 1154 sint
742 1096 871 1167 friuolo,
902 1114 971 1155 mon
999 1100 1146 1171 aperiam.
1193 1099 1255 1156 Sed
1275 1098 1374 1172 prodo
1401 1099 1607 1155 conscientiam
1635 1099 1829 1170 inspnceram,

543 1198 622 1270 quod
647 1200 677 1254 in
705 1198 797 1257 literis
816 1199 860 1257 ad
878 1198 1044 1258 laurinum
1072 1207 1210 1274 prrcterco
1236 1199 1449 1272 bppocoustum
1468 1197 1564 1269 fuisse
1590 1200 1620 1255 in
1639 1213 1751 1266 causa,
1778 1212 1830 1269 quo

540 1300 638 1357 minus
658 1301 816 1370 conpressi·
829 1302 933 1369 simus,
964 1302 1041 1358 uelut
1067 1303 1210 1359 amoliens
1233 1316 1253 1357 u
1281 1316 1326 1357 me
1354 1302 1467 1357 crimen
1491 1298 1726 1356 inhumanitatis,
1772 1297 1850 1355 Imos

540 1403 617 1458 soleo
638 1382 761 1457 libenter
782 1402 813 1457 in
834 1402 954 1475 scriptis
971 1403 1042 1460 meis
1065 1404 1226 1460 amicorum
1245 1403 1408 1459 meminisse
1425 1416 1485 1473 per
1504 1401 1703 1468 occasionem,
1727 1414 1831 1470 quum-

541 1518 597 1574 que
613 1503 719 1574 plures
734 1508 830 1560 essent
843 1518 945 1559 causae
959 1519 1015 1561 cur
1032 1503 1237 1561 detrectassem
1254 1502 1443 1574 colloquium,
1463 1502 1555 1559 solam
1571 1503 1613 1568 in,
1619 1502 1714 1558 literis
1729 1500 1831 1556 cedem-

542 1602 588 1659 dis
608 1617 673 1659 eam
693 1601 809 1674 refero,
836 1619 904 1676 quie
931 1604 1007 1662 nillil
1033 1605 1155 1663 liaberet
1181 1605 1254 1675 odii,
1283 1604 1399 1661 tametsi
1423 1602 1567 1660 Hutteuus
1596 1602 1677 1658 lrarcc
1702 1602 1831 1659 odiosam

474 1684 627 1775 maaca!
652 1704 682 1760 in
706 1703 836 1776 quadam
856 1707 989 1778 epistola.
1032 1705 1117 1764 Illud
1135 1723 1208 1764 sone
1228 1706 1403 1775 ridicidum,
1430 1703 1511 1783 quod
1528 1702 1706 1775 frequenter
1731 1701 1832 1759 nonni-

543 1807 661 1877 bulaus,
684 1815 716 1865 ut
735 1808 791 1876 ait,
811 1814 927 1880 prater
949 1808 1066 1865 domum
1088 1824 1182 1866 meam
1204 1823 1328 1866 euocare
1345 1811 1469 1864 conatus
1481 1807 1520 1862 sit
1531 1821 1577 1862 me
1591 1804 1635 1860 ad
1647 1805 1830 1876 colloquium,
1843 1819 1885 1856 n·

540 1924 595 1967 nec
616 1924 662 1966 me
683 1908 715 1965 id
732 1906 858 1979 fuqisse.
903 1909 1014 1982 scilicet
1033 1911 1111 1967 soleo
1136 1909 1248 1966 manure
1273 1917 1404 1980 tempore
1431 1906 1565 1964 obsidere
1591 1906 1634 1963 ad
1657 1904 1830 1976 falcastrum,

537 2010 723 2084 prospiciens
743 2012 770 2067 si
791 2010 857 2081 quis
878 2015 1050 2082 pretereat.
1095 2009 1157 2068 Sed
1177 2011 1250 2083 quid
1270 2025 1345 2083 opus
1365 2014 1432 2067 erat
1451 2009 1494 2065 sic
1517 2001 1650 2065 elicere?
1681 2021 1831 2077 nunquam

537 2089 607 2183 fere
627 2126 685 2169 non
703 2100 827 2184 patebat
844 2112 948 2181 ostium
972 2111 1075 2169 domus
1097 2127 1184 2182 mccc,
1206 2118 1236 2169 et
1252 2119 1366 2184 proetcr
1385 2124 1494 2185 morem
1515 2108 1603 2166 liuius
1625 2108 1708 2165 urbis
1728 2108 1834 2166 licebat

403 2293 406 2296 ‚
541 2213 662 2285 inqrcdi
677 2220 706 2271 et
726 2214 880 2286 postulare
900 2214 1074 2285 colloquium
1082 2232 1093 2281 ,·
1126 2213 1232 2285 quodsi
1252 2212 1337 2285 fores
1358 2218 1447 2270 eram
1469 2212 1609 2280 occlrrsce,
1634 2210 1745 2267 licebat
1761 2211 1832 2282 put-

472 2331 619 2388 qsssare.
664 2314 702 2372 At
723 2321 754 2372 tu
776 2313 1003 2387 deprecabaris,
1022 2315 1130 2386 inquit,
1153 2315 1337 2385 colloquium.
1380 2312 1525 2371 Ououum
1543 2311 1707 2386 pudorem:
1737 2316 1911 2367 utrumn-⁴

539 2416 631 2488 ipitur
657 2415 852 2473 uerecundius
878 2421 945 2473 erat
972 2415 1059 2474 adire
1088 2415 1294 2473 detrectantem
1316 2415 1505 2486 colloquium,
1537 2430 1576 2470 an
1605 2428 1676 2470 mox
1704 2411 1832 2469 scribere

540 2519 628 2575 talem
649 2517 777 2575 libellum
797 2518 828 2574 in
849 2518 976 2574 amicum
998 2489 1314 2590 nibil⁹suspicautcm?
1345 2514 1496 2573 Debuerat
1509 2517 1612 2572 saltem
1633 2515 1759 2585 epistola
1774 2528 1831 2570 ec-

536 2621 689 2692 postulare
705 2619 794 2691 prius
815 2632 905 2691 quam
931 2618 1011 2677 banc
1032 2619 1211 2692 oc'cceptaret
1231 2616 1423 2691 trimodiam,
1444 2631 1511 2674 cum
1532 2623 1572 2673 tot
1591 2614 1705 2673 scribat
1721 2612 1832 2687 episto-

541 2720 604 2775 las:
637 2714 733 2776 *solet
758 2718 886 2776 liostibus
912 2721 1007 2776 missis
1030 2719 1191 2791 fecialibus
1218 2719 1401 2776 denunciare
1427 2716 1561 2786 bellonis
1579 2723 1608 2774 el
1628 2717 1757 2774 amicum
1782 2716 1831 2772 iu-

473 2843 492 2892 s,
499 2846 531 2889 54,
541 2820 707 2892 opinantem
732 2815 892 2878 adoritur?
924 2820 962 2877 At
975 2819 1106 2891 forsitan
1129 2801 1205 2879 dicet
1225 2836 1256 2877 sc
1277 2819 1410 2876 nonnihil
1429 2819 1613 2891 siqnificasse
1629 2816 1911 2890 Eppluendor-sr-

538 2921 591 2993 pio
613 2920 650 2978 de
668 2922 767 2978 amineo
789 2922 820 2978 in
842 2937 888 2979 me
906 2938 968 2980 suo.
1010 2921 1098 2980 istud
1117 2940 1170 2995 eqo
1191 2924 1244 2995 qui
1263 2921 1399 2978 diuinare
1416 2922 1513 2993 potui,
1538 2935 1605 2977 cnm
1628 2917 1831 2992 Epplcendor-

535 3023 607 3095 pius
628 3026 797 3079 constanter
815 3020 988 3092 affirmaret
1008 3023 1093 3096 apud
1112 3039 1158 3081 me
1178 3041 1210 3081 se
1229 3023 1343 3081 trullam
1367 3016 1519 3079 alienioris
1541 3021 1635 3079 animi
1655 3025 1755 3079 uotam
1776 3019 1832 3076 de-

538 3121 726 3195 prclccudere
746 3123 776 3179 in
797 3119 948 3181 Hutteno?
978 3123 1019 3181 Id
1039 3141 1102 3182 esse
1123 3140 1238 3194 oerum,
1260 3125 1323 3196 ipse
1344 3122 1595 3197 Epplcendorpius
1616 3138 1674 3179 non
1696 3126 1788 3194 nepot
1805 3127 1833 3176 et

538 3222 714 3297 frequenter
727 3223 885 3296 professus
905 3233 960 3295 est,
983 3242 1072 3299 quum
1095 3226 1180 3300 opud
1200 3241 1246 3283 mc
1266 3232 1325 3282 tum
1346 3225 1431 3297 apud
1448 3226 1523 3305 qlios
1542 3224 1725 3296 campiones,
1755 3238 1831 3294 quo-

473 3352 531 3401 m,
541 3340 608 3382 rum
630 3332 673 3383 est
691 3323 818 3395 Beatus,
836 3313 1017 3398 Glareanus,
1034 3326 1193 3385 Botzcmus
1207 3327 1316 3398 aliique
1331 3327 1474 3383 nonnulli.
1514 3325 1601 3382 l'ides
1615 3325 1715 3394 iqitur,
1733 3326 1831 3393 lectur,
1841 3339 1873 3376 is

541 3443 630 3499 quam
651 3427 700 3486 liic
720 3427 795 3484 reiicit
816 3443 835 3483 u
856 3443 902 3484 me
923 3431 1105 3487 commissum
1125 3431 1170 3486 uel
1186 3429 1340 3485 inciviliter
1356 3428 1402 3484 uel
1413 3425 1538 3499 superbe
1552 3427 1596 3483 uel
1608 3440 1723 3498 parum
1740 3426 1833 3481 amice

540 3531 585 3586 uel
602 3544 642 3586 cn
663 3531 742 3586 merla
764 3530 953 3587 conscientia.
999 3528 1084 3588 Nunc
1106 3529 1179 3586 nrilti
1196 3531 1276 3601 finqe
1297 3527 1414 3625 aliquid
1436 3527 1595 3584 admissum
1619 3531 1736 3600 prceter·
1754 3527 1832 3596 leqes

536 3632 722 3701 praliarum,
745 3645 811 3687 cum
831 3628 969 3700 fateatur
991 3646 1036 3688 me
1056 3633 1143 3688 talem
1161 3632 1288 3687 ornicum
1303 3631 1420 3700 qualern
1443 3631 1494 3686 oia
1512 3627 1616 3685 babuit
1635 3628 1745 3695 atium,
1766 3641 1831 3684 cum

536 3729 673 3801 fateatur
698 3732 770 3787 meis
796 3731 945 3790 laboribus
969 3734 1058 3790 ctiam
1082 3731 1202 3806 publice
1222 3731 1344 3788 multum
1367 3730 1473 3788 debere
1496 3729 1702 3787 Germaniam:
1737 3744 1832 3786 rrurrne

534 3833 624 3904 prius
644 3830 796 3905 oportebat
816 3836 1007 3904 expostulare
1017 3850 1115 3906 quom
1138 3835 1225 3891 talem
1245 3832 1346 3889 edere
1364 3830 1508 3897 libellum,
1530 3844 1587 3901 quo
1601 3831 1716 3888 nullum
1731 3830 1831 3887 adbuc
1840 3849 1863 3885 :n

539 3933 569 3988 in
591 3946 757 4003 quenquam
774 3934 892 4004 scripsit
907 3930 1148 3993 virulentiorcm?
1174 3943 1202 3991 ct
1215 3936 1332 3992 interim
1345 3932 1607 4006 expostulationem
1624 3938 1723 4000 croccrt,
1745 3939 1832 4003 atque

471 4032 569 4101 §.scin
593 4033 716 4103 epistola
737 4031 868 4103 quadum
895 4036 1076 4094 unitissirnarn
1102 4042 1185 4095 uocat
1207 4052 1270 4109 pro
1294 4035 1341 4092 rei
1358 4034 1521 4091 otrocitate.
1546 4027 1622 4089 ou
1640 4049 1722 4090 reurec
1742 4034 1832 4103 ipitur

539 4134 584 4190 illi
605 4146 773 4211 communes
793 4136 896 4207 otterici,
924 4136 1029 4209 quibus
1055 4139 1133 4198 dolet
1155 4138 1314 4195 Huttenum
1343 4137 1493 4209 repulsum
1515 4151 1534 4190 u
1554 4135 1713 4206 colloquio,
1741 4148 1829 4205 quum

538 4233 791 4309 Epplcendorpins
811 4238 887 4294 scial
907 4254 964 4295 uon
982 4256 1045 4298 esse
1066 4242 1233 4314 repulsum,
1254 4236 1416 4308 etfaciam
1433 4235 1556 4294 Hutteni
1573 4234 1730 4308 improbet,
1753 4232 1832 4306 quod

470 4353 575 4406 §.stne
593 4338 687 4410 possit
707 4339 837 4408 inficiari
858 4338 1014 4410 Habemus,
1037 4343 1100 4414 ipse
1120 4342 1180 4397 suis
1201 4340 1244 4398 ad
1262 4354 1307 4396 me
1324 4341 1416 4396 literis
1436 4344 1567 4396 testatur.
1608 4336 1703 4408 Atque
1725 4335 1864 4393 liacte-ss

536 4456 593 4498 uus
614 4440 652 4496 de
677 4439 837 4498 detrectato
858 4443 1010 4514 colloquio.
1058 4458 1139 4498 nunc
1160 4441 1203 4498 ad
1220 4441 1348 4498 nimina
1370 4438 1544 4497 ueniendum
1565 4443 1623 4508 est,
1652 4436 1759 4509 quibus
1783 4438 1832 4494 itte

536 4547 646 4610 natura
669 4543 746 4600 mitis
759 4541 882 4601 Hutteni
902 4545 1019 4600 animus
1039 4543 1082 4600 ad
1100 4548 1212 4599 tantam
1234 4543 1377 4599 sceoitiam
1399 4530 1597 4614 exasperalus
1613 4540 1666 4596 sit:
1694 4555 1732 4596 ea
1747 4538 1830 4600 uidc-

535 4644 602 4701 licet
628 4650 742 4716 oportet
767 4660 829 4702 esse
856 4644 1040 4702 erebementer
1068 4644 1193 4699 atrocia.
1240 4642 1363 4700 Fatetur
1389 4652 1520 4700 nostram
1547 4641 1707 4698 amicitiam
1734 4639 1832 4710 fuisse

537 4760 595 4800 nou
618 4746 785 4815 ctulparcm,
804 4744 932 4816 ,fatetur
957 4760 1002 4803 me
1024 4744 1181 4816 maquipice
1203 4731 1337 4801 meritum
1362 4760 1400 4801 ac
1426 4744 1536 4800 mereri
1558 4742 1595 4810 dc
1614 4741 1747 4813 publicis
1768 4750 1831 4799 slu-

468 4844 611 4908 §.ss.diis:
642 4853 729 4919 utque
748 4846 796 4903 llic
818 4846 892 4903 mibi
908 4848 977 4919 plus
995 4847 1097 4904 tribuit
1114 4861 1203 4918 quam
1221 4860 1364 4917 uqnosco:
1395 4845 1483 4901 sumit
1495 4843 1552 4900 sibi
1564 4844 1696 4916 primam
1710 4842 1863 4900 laudemw

582 5026 709 5091 ⁴Expost.
718 5031 757 5087 §5-
768 5027 789 5076 l.
798 5042 855 5090 sqq.
891 5027 1104 5093 ⁹·⁷²Neq11el1aec
1116 5029 1196 5091 epist.
1209 5032 1294 5078 extat.
1303 5027 1352 5077 sed
1363 5026 1598 5089 cf.Expost.§§.4.
1607 5042 1666 5089 sqq.
1697 5025 1827 5075 ²⁰nthitt.
