4367 6084
536 724 612 799 418
642 741 820 794 ADDENDA
832 745 881 793 hl)
895 740 978 796 VOL.
992 741 1014 792 1.
1040 737 1830 797 111111111111111111111111111.11111.111.

535 922 565 974 et
586 930 705 990 magna,
728 913 813 971 iussit
833 912 1097 995 reverendissimus
1118 919 1206 991 atque
1221 911 1434 974 illustrissimus
1448 915 1689 995 archiepiscopus
1703 935 1737 976 ac
1752 918 1831 994 prin·

535 1033 604 1093 ceps
627 1014 781 1083 illhertus,
811 1014 947 1073 domiuus
975 1032 1058 1073 meus
1081 1012 1341 1084 clementissimus
1371 1016 1407 1075 ad
1430 1023 1459 1077 te
1481 1017 1609 1077 scriham
1630 1017 1668 1078 de
1691 1016 1832 1077 electione

539 1117 621 1192 regis·
638 1116 854 1184 Romanorum,
884 1134 948 1192 quae
976 1116 1018 1175 sic
1040 1115 1138 1175 hahet.
1184 1115 1321 1176 Omnium
1345 1115 1506 1178 electorum
1530 1121 1618 1180 animi
1642 1119 1832 1196 omniumque

537 1226 601 1277 vota
624 1219 653 1276 in
677 1236 712 1276 eo
736 1224 952 1287 conticuerunt,
975 1224 1008 1276 ut
1029 1216 1103 1277 ahos
1126 1216 1404 1278 aChristianissimo
1427 1219 1588 1281 Galliarum
1610 1240 1682 1298 rege
1697 1219 1830 1297 eligatur.

533 1320 588 1409 §ui
611 1320 654 1379 rei
676 1320 807 1378 omnium
831 1319 1009 1391 animicum
1032 1320 1142 1380 assensi
1165 1319 1222 1378 ianr
1245 1320 1315 1387 sint,
1346 1318 1406 1380 sola
1437 1322 1681 1382 reverendissima
1704 1340 1759 1380 sna
1781 1334 1849 1397 pa-⁵

536 1421 657 1481 ternitas
678 1420 825 1480 contraire
847 1437 902 1479 nec
925 1421 1033 1496 potuit,
1057 1438 1112 1479 nec
1135 1420 1250 1488 dchuit,
1274 1420 1374 1499 Teque
1397 1423 1534 1496 ignorare
1549 1440 1608 1481 non
1624 1421 1707 1489 tulit,
1732 1429 1765 1481 ut
1780 1421 1829 1480 ha-

536 1521 604 1582 beat
625 1522 797 1598 ncgocium,
821 1527 850 1579 et
872 1520 967 1589 iubet,
991 1522 1144 1580 confestim
1167 1521 1230 1581 haec
1252 1521 1428 1582 cancellario
1450 1531 1538 1602 atque
1559 1523 1627 1582 inde
1651 1525 1716 1599 regi
1740 1523 1829 1582 mani-

536 1626 644 1692 festes,
662 1641 721 1701 quo
736 1641 774 1681 ne
789 1640 872 1699 spem
888 1625 963 1682 lortc
987 1630 1160 1699 conceptam
1183 1622 1293 1682 diutius
1315 1622 1372 1683 alat
1394 1625 1528 1684 inaniter.
1572 1624 1701 1684 Proinde
1724 1624 1829 1682 ardeu-

535 1733 581 1786 ter
604 1725 684 1802 cupit
706 1723 949 1784 reverendissima
971 1742 1024 1783 sua
1039 1725 1214 1800 paternitas,
1238 1723 1310 1783 illud
1325 1725 1480 1793 adiutaris,
1506 1732 1537 1785 ut
1552 1724 1657 1795 literae,
1681 1744 1748 1803 qum
1764 1732 1829 1784 sunt

529 1829 615 1895 istic,
644 1826 852 1894 restituantur,
881 1825 1119 1903 quandoquidem
1152 1827 1230 1885 robis
1253 1824 1330 1885 11111111
1359 1824 1397 1885 ah
1420 1826 1465 1885 his
1487 1826 1595 1886 utilitas
1618 1834 1677 1895 est;
1706 1834 1780 1886 tunc
1801 1832 1829 1884 et
1839 1845 1860 1882 11

535 1947 600 2007 quae
622 1927 670 1986 hic
692 1935 760 1986 sunt
783 1926 958 1994 reddentur:
983 1927 1010 1985 id
1034 1927 1114 2004 quod
1137 1944 1196 1986 non
1219 1926 1386 1986 dubitamus
1409 1935 1636 2005 assequuturum
1659 1928 1728 1987 tesi
1745 1926 1827 1986 velis:

535 2030 611 2088 nosti
634 2029 711 2088 euim
735 2046 800 2105 quae
822 2026 978 2106 aliquando
1001 2028 1052 2086 tihi
1074 2027 1205 2105 mihique
1228 2046 1328 2087 corum
1352 2029 1516 2088 constitutis
1531 2027 1677 2106 pollicitus
1693 2035 1739 2087 est
1753 2029 1828 2088 idem

535 2128 743 2199 cancellarius,
767 2149 800 2189 ea
816 2128 916 2189 Gallos
937 2148 1002 2189 esso
1024 2131 1278 2207 magnanimitate,
1301 2137 1334 2190 ut
1357 2148 1475 2208 quoquo
1495 2128 1562 2189 velit
1588 2137 1724 2207 tempore
1749 2131 1829 2206 prin-

534 2250 618 2310 ceps,
642 2238 818 2308 recepturus
839 2232 877 2290 sit
898 2233 980 2307 signa
1004 2251 1038 2290 ac
1060 2231 1168 2291 literas.
1214 2231 1258 2291 hd
1281 2230 1359 2309 quod
1383 2240 1480 2291 tamen
1496 2232 1676 2309 promissum
1692 2248 1828 2290 reveren-

535 2333 653 2393 dissima
675 2351 727 2392 sua
751 2334 910 2410 paternitas
933 2351 992 2391 non
1015 2335 1147 2410 respicit;
1171 2333 1222 2393 sed
1246 2335 1313 2410 quia
1336 2334 1398 2393 sieri
1422 2351 1480 2392 non
1502 2333 1611 2410 potuit,
1635 2339 1669 2391 ut
1690 2350 1770 2391 nuuc
1785 2334 1851 2392 iu·i
1887 2364 1911 2402 =

535 2442 653 2495 varetur
676 2437 755 2511 regis
777 2442 915 2502 conatus,
939 2432 976 2493 ah
999 2452 1031 2493 se
1053 2433 1130 2493 aliud
1153 2435 1312 2512 petendum
1328 2452 1387 2493 non
1402 2441 1494 2511 putat.
1540 2433 1581 2493 lle
1597 2432 1744 2510 stipendio
1759 2451 1828 2492 uero

535 2539 563 2597 in
587 2539 665 2613 regis
687 2535 835 2596 voluntate
863 2537 950 2595 sitnm
979 2553 1043 2594 esse
1070 2535 1196 2604 dehere,
1225 2533 1292 2595 velit
1320 2536 1476 2613 quotannis
1504 2552 1663 2594 aureorum
1688 2533 1728 2594 lll
1750 2532 1825 2593 milia

490 2667 495 2677 .
534 2638 679 2716 pendere,
703 2655 740 2697 an
760 2656 833 2706 non,
857 2637 907 2697 uhi
930 2636 1031 2696 itidem
1053 2636 1182 2697 studium
1205 2644 1288 2697 tuum
1312 2643 1445 2714 spectare
1468 2633 1528 2695 vult
1550 2636 1699 2714 princeps.
1745 2633 1826 2706 Quod

533 2740 585 2800 uhi
606 2739 803 2816 perspexerit,
834 2745 895 2797 lum
923 2739 1081 2815 repositam
1104 2739 1157 2798 tihi
1179 2738 1256 2816 apud
1279 2756 1310 2797 se
1333 2755 1450 2797 omnem
1473 2737 1596 2813 gratiam
1619 2756 1654 2796 ac
1677 2736 1825 2813 gratitudi-

496 2897 498 2901 .
534 2859 602 2901 nem
624 2840 703 2900 dicit.
748 2839 817 2898 Vale
839 2846 869 2898 et
890 2839 1045 2898 amicitiam
1067 2847 1198 2900 nostram
1215 2839 1287 2900 cole.
1332 2837 1878 2925 111131111111111111111111111,1111111

533 2942 669 3019 Augusti,
692 2941 814 3019 raptim,
838 2957 915 2999 anno
938 2939 1048 2999 domini
1069 2940 1107 3000 Μ.
1125 2940 1315 3002 1111111111.
1387 2926 1388 2929 ¹

1223 3041 1226 3047 ’
1291 3041 1406 3101 Ulrious
1428 3041 1465 3102 de
1486 3041 1612 3110 liutten,
1636 3040 1744 3119 Eques.

745 3147 948 3220 [Inscriptim]
970 3142 1137 3204 Clarissimo
1159 3143 1255 3222 Equiti
1278 3143 1402 3203 llomino

938 3245 1122 3306 thClllMl)
1144 3245 1194 3304 DE
1216 3243 1430 3312 nonnullum

799 3351 861 3409 viro
883 3349 975 3409 literis
996 3365 1031 3407 ac
1053 3367 1086 3407 re
1109 3347 1226 3408 militari
1250 3348 1344 3423 perito
1368 3353 1397 3406 et
1418 3346 1557 3414 exercito,

1044 3450 1139 3508 amico
1161 3448 1322 3509 fauorabili.

532 3620 837 3683 ministrationibusque
856 3618 1007 3683 diligenter
1025 3618 1136 3668 functus
1155 3622 1210 3678 est,
1231 3617 1280 3666 sed
1298 3632 1346 3682 pro
1365 3616 1430 3666 aliis
1449 3616 1534 3665 etiam
1552 3616 1740 3681 principibus,
1760 3621 1817 3664 ute.

532 3722 573 3771 gr.
588 3721 613 3754 a.
631 3703 703 3753 1540.
718 3720 767 3769 pro
786 3703 907 3753 electore
925 3703 1199 3767 Brandenhnrgensi.
1219 3703 1268 3764 (11.
1282 3701 1464 3751 Seckendorl'.
1482 3701 1546 3750 hist.
1566 3701 1651 3750 Luth.
1664 3718 1691 3765 p.
1705 3699 1764 3750 299.
1783 3699 1817 3748 ed.

533 3789 606 3839 lutra.
622 3789 680 3849 111.)
715 3789 804 3838 Finiit
822 3803 910 3837 rerum
929 3793 1069 3853 gestarum
1087 3786 1177 3851 gloria
1196 3787 1309 3851 egregie
1328 3788 1464 3850 insignem
1482 3786 1569 3836 vitam
1589 3802 1615 3835 11.
1628 3784 1704 3835 1556.
1739 3785 1819 3835 Adcu-

530 3875 619 3923 ratior
636 3875 702 3923 vitae
721 3872 855 3921 Malzanii
873 3873 975 3922 notitia
992 3873 1051 3937 peti
1069 3876 1163 3937 potest
1181 3888 1215 3921 ex
1232 3870 1367 3920 laudabili
1385 3870 1493 3920 Lischii
1511 3868 1583 3920 libro
1602 3885 1687 3935 supra
1705 3869 1819 3919 laudato.

529 3957 541 3990 ⁴
559 3958 631 4007 alius
650 3973 667 4006 a
732 3954 810 4021 rege]
829 3958 891 4009 Non
903 3958 1005 4006 Latine
1023 3956 1072 4005 sed
1090 3961 1166 4005 tecte
1186 3956 1256 4005 dicit
1267 3955 1448 4005 Franciscum
1466 3969 1520 4004 non
1539 3953 1658 4004 electum
1678 3957 1723 4005 iri.
1776 3954 1820 4005 ori-

528 4041 701 4093 stiauissimo
726 4040 878 4090 Galliarum
902 4042 988 4090 Lisrlt.
1058 4036 1237 4104 6111111111111]1
1261 4040 1305 4089 cf.
1330 4040 1405 4089 infra
1424 4040 1545 4104 epist'd.
1628 4039 1639 4071 ⁶
1664 4041 1781 4104 .Teqne
1793 4039 1818 4088 L.

529 4126 541 4158 ⁷
568 4122 748 4190 cancellario]
772 4126 893 4176 Antonio
916 4127 950 4176 de
972 4128 1057 4177 Proto
1080 4123 1127 4185 (du
1145 4125 1236 4188 Prot),
1263 4140 1342 4190 quem
1366 4125 1529 4174 concordati
1548 4123 1652 4174 Gallici
1677 4130 1819 4183 auctorem,

530 4215 675 4275 postquem
699 4211 846 4275 episcopus
870 4211 1151 4275 archiepiscopusque
1175 4209 1269 4260 1111111
1294 4209 1400 4272 iuerat,
1425 4215 1544 4259 exeunte
1564 4224 1590 4258 a.
1605 4207 1681 4257 1527.
1701 4209 1821 4259 Clemens

529 4295 591 4346 Vll.
612 4293 783 4344 cardinalem
802 4296 911 4345 creavit
929 4294 1087 4357 (Ciaccouii
1100 4295 1168 4343 Vitt.
1182 4293 1295 4343 Pontiff.
1307 4294 1385 4344 Rom.
1403 4292 1475 4344 1677.
1495 4293 1543 4344 111.
1557 4298 1622 4342 tom.
1636 4294 1689 4343 111.
1704 4310 1730 4359 p.
1744 4292 1820 4354 enan,

530 4381 588 4443 †a.
605 4377 678 4429 1535.
704 4378 758 4431 Sed
776 4380 917 4445 praecipue
937 4379 1050 4430 (1111111.
1063 4379 1235 4429 Bonnivetns
1254 4378 1396 4428 admiratis
1420 4378 1455 4427 ad
1477 4377 1669 4428 subornandos
1687 4379 1822 4443 principes

529 4464 687 4516 Germaniae
705 4470 849 4529 corruptor
866 4464 967 4514 missus
985 4464 1078 4514 iuerat
1097 4479 1113 4512 a
1126 4463 1288 4516 Francisco.
1341 4463 1371 4495 ⁷·⁸
1389 4460 1564 4527 manifestes]
1582 4463 1615 4511 Id
1634 4463 1707 4527 quod
1720 4463 1821 4513 Ioachi·

528 4566 589 4601 mus
607 4565 696 4615 neque
714 4550 810 4599 statim
829 4564 919 4614 neque
939 4554 1036 4614 aperte
1049 4548 1151 4597 iecisse
1164 4546 1283 4597 videtur.
1303 4547 1346 4598 Cf.
1360 4548 1435 4597 inira
1448 4547 1559 4597 additas
1572 4545 1720 4611 epistulas.
1766 4546 1821 4595 ’li-

528 4641 588 4686 tere
607 4635 639 4684 L.
659 4634 774 4697 (litterae
792 4633 903 4683 scilicet
921 4633 1020 4698 quibus
1037 4648 1088 4697 per
1106 4631 1328 4682 machinationes
1352 4633 1620 4695 subornationesque
1646 4646 1717 4695 quas
1741 4630 1821 4697 diplo-

527 4720 648 4770 maticae
665 4733 797 4769 vocamus
815 4718 911 4780 hodie,
931 4734 980 4782 pro
992 4717 1140 4767 Francisci
1151 4717 1174 4766 1.
1195 4717 1334 4767 electione
1348 4722 1446 4769 contra
1458 4716 1552 4767 Caroli
1564 4716 1596 4765 V.
1611 4717 1821 4774 successionem,

529 4806 575 4856 oui
599 4806 659 4855 Leo
682 4818 790 4870 quoque
813 4804 947 4853 Decimus
969 4802 1150 4853 vehementer
1172 4801 1329 4865 invidebat,
1356 4802 1482 4866 quamvis
1505 4817 1557 4851 nec
1580 4799 1735 4851 Francisco
1757 4802 1822 4851 boue

527 4889 628 4950 vallet,
649 4889 685 4938 ab
703 4894 822 4952 utraque
834 4893 915 4952 parte
928 4889 962 4938 de
976 4889 1093 4938 emeulin
1106 4886 1307 4953 vendendoque
1320 4902 1423 4937 corona
1436 4886 1604 4936 Germanica
1617 4890 1712 4935 actum
1726 4886 1821 4934 iuerat.

528 4972 550 5005 ¹⁰
567 4972 647 5023 vobis
664 4975 778 5037 equidem
793 4977 877 5036 posui.
897 4972 932 5022 ah
951 4972 1028 5022 nulla
1046 4973 1081 5023 ab
1093 4974 1138 5022 his
1149 4973 1182 5021 L.
1220 4970 1239 5004 ¹¹
1259 4970 1328 5035 .1d,
1348 4971 1420 5037 quod
1432 4972 1465 5020 L.
1502 4976 1544 5032 te,
1563 4971 1588 5022 111
1600 4968 1682 5020 velis.
1701 4970 1782 5020 Nosti
1793 4968 1822 5017 L.

529 5057 549 5089 ¹⁶
567 5055 716 5121 stipendio]
736 5057 779 5107 ct.
794 5058 868 5106 1111111
887 5059 1035 5123 repetitam
1053 5059 1172 5121 Deprati
1192 5055 1339 5121 epistulam
1358 5056 1383 5105 d.
1399 5055 1438 5106 13.
1452 5057 1517 5119 Apr.
1532 5070 1557 5104 a.
1572 5053 1647 5104 15111.
1662 5055 1803 5120 scriptam.
