4367 6084
497 740 694 792 cccxxxtn.
716 708 836 792 spasano
850 754 952 790 enisus
967 755 1111 791 anvensvs
1124 754 1297 789 Asessnntnns
1313 754 1444 789 aessens.
1546 723 1615 794 281

327 930 386 972 non
411 916 562 986 usulensem
583 929 658 984 eran
679 911 875 971 Rcucblinnm
893 926 1013 985 prese
1032 910 1168 982 serebat,
1195 917 1224 970 et
1251 910 1390 983 quiedam
1411 928 1467 970 sna
1489 913 1620 971 inillam

329 1016 435 1087 officia
456 1013 710 1074 commemorabat.
754 1014 887 1087 Denique
909 1028 998 1086 auum
1019 1012 1084 1070 brec
1106 1013 1229 1084 epistola
1245 1027 1311 1070 eum
1326 1014 1477 1085 plerisque
1496 1017 1689 1072 carerisson.

328 1119 367 1175 sil
387 1132 502 1175 excusa
525 1115 667 1183 basilea,
689 1131 735 1173 me
759 1121 818 1172 tum
841 1121 946 1186 abente
968 1116 997 1170 in
1021 1113 1207 1181 Brabnntia,
1228 1130 1284 1171 cur
1306 1129 1363 1171 non
1384 1121 1496 1172 minata
1521 1124 1578 1183 est,
1597 1119 1624 1173 si
1670 1159 1673 1162 <
1719 1108 1722 1113 ’

328 1218 490 1290 εερίἰίσὺσί
510 1211 729 1274 liencblinnm?
746 1223 825 1273 certe
847 1217 892 1273 ius
911 1214 1047 1286 feceram
1063 1214 1238 1286 quibusdam
1260 1215 1351 1273 doctis
1367 1217 1485 1286 amicis,
1508 1223 1539 1273 nt
1553 1233 1622 1274 mu·
1690 1200 1693 1207 ¹

309 1326 429 1376 starem
450 1335 633 1392 quincunque
652 1319 766 1375 vetlem.
811 1318 905 1386 ‘lianc
931 1318 993 1389 ipse
1020 1332 1078 1375 non
1098 1313 1264 1375 rnutabns?’
1291 1319 1411 1389 inquiet.
1456 1320 1526 1390 auia
1548 1319 1624 1376 nibil

330 1423 405 1478 moli
424 1412 631 1493 suspicabnt·.'
654 1420 748 1488 ‘tlnnr
770 1420 861 1489 initur
884 1420 952 1475 aliis
973 1413 1170 1475 mandabas?
1199 1419 1270 1490 qnia
1291 1421 1395 1477 melias
1413 1426 1522 1477 norant
1542 1419 1622 1491 alfe-

329 1529 393 1578 clus
416 1522 586 1579 Germanice
614 1528 643 1578 et
666 1538 706 1578 ec
732 1537 766 1577 re
785 1520 931 1601 prasenti
954 1517 1080 1589 facilins
1105 1526 1173 1576 crat
1201 1521 1259 1577 illis
1276 1521 1413 1578 iudicare
1432 1504 1520 1594 quam
1542 1523 1622 1580 mibi.

330 1623 424 1691 ι(1ιίσί
445 1624 536 1694 initur
558 1622 606 1680 bic
628 1621 702 1679 nibil
721 1626 874 1682 mutarunt
893 1617 1012 1677 arctici?
1034 1622 1106 1692 qaia
1128 1636 1184 1678 non
1207 1621 1354 1697 babebanl
1373 1625 1471 1681 οσιιίσε
1493 1622 1622 1692 Helleni,

330 1726 382 1796 ani
401 1726 531 1781 artimicm
555 1724 675 1781 inclevit
693 1722 768 1780 nibil
788 1738 846 1779 non
865 1722 1048 1780 calumniari
1067 1723 1098 1779 in
1120 1721 1261 1793 Ernsmo,
1287 1731 1316 1781 el
1336 1724 1405 1782 binc
1427 1723 1484 1781 sibi
1503 1725 1623 1783 landem

310 1832 434 1898 insuerat
450 1827 622 1882 maximam.
666 1826 759 1893 ‘llaur
776 1819 889 1880 scribis'
910 1824 1006 1895 indicit
1027 1823 1074 1880 ‘de
1094 1840 1151 1896 quo
1174 1821 1321 1883 dubitnsi’
1344 1828 1415 1898 arcia
1427 1828 1521 1899 potuit
1534 1829 1622 1884 etiam

331 1928 394 2000 ipse
411 1921 645 1985 Salius'alicabi
660 1925 741 1997 salli.
789 1923 867 1994 (laid
886 1929 983 1982 antem
1005 1925 1086 1982 istud
1106 1924 1258 1996 rescrebat
1282 1927 1325 1983 nd
1342 1926 1460 1998 samam
1480 1928 1612 2001 Cannio·
1624 1934 1692 1984 §.¹¹³-

331 2029 390 2098 nis‚
419 2044 460 2084 an
492 2042 592 2085 oerum
616 2032 771 2087 essetnec
798 2041 835 2082 ne
862 2025 942 2098 quod
969 2023 1156 2085 scribebam?
1184 2027 1279 2085 Porro
1300 2031 1371 2099 quia
1393 2045 1450 2087 non
1473 2029 1626 2088 dubitabat

332 2129 535 2186 adrnicalnros
556 2144 669 2199 omnes,
690 2145 745 2185 cnr
768 2143 822 2199 aaa
841 2128 884 2184 εἰσ
903 2134 1013 2195 aninlo,
1035 2128 1078 2184 sic
1096 2128 1262 2199 predicalo
1283 2128 1446 2189 Bcncblino
1462 2134 1540 2189 male
1561 2133 1625 2189 cel-

332 2233 402 2300 lam,
429 2229 551 2301 aflinni!
578 2246 686 2288 causas
718 2229 962 2287 inhumanitatem
989 2234 1017 2285 et
1041 2229 1195 2286 inuidiam.
1246 2230 1336 2303 Atqui
1360 2248 1416 2289 cnr
1444 2247 1502 2289 non
1525 2234 1626 2305 polias

308 2332 503 2403 ‘adnuntiem
532 2333 703 2390 consiliario
733 2331 861 2388 Caesaris
886 2346 923 2388 ac
949 2346 983 2388 re
1008 2329 1156 2402 sanaque
1180 2333 1302 2402 [larnai
1323 2333 1502 2402 incidebam,
1534 2328 1639 2407 auam

333 2435 417 2506 lapso
433 2434 551 2506 iamque
564 2448 604 2490 ce
617 2434 736 2490 consule
748 2430 834 2502 sacto
849 2427 981 2490 rbelori?
994 2430 1088 2501 Οσσηι
1102 2432 1168 2490 brec
1182 2435 1228 2491 illi
1241 2433 1316 2492 dicre
1329 2451 1497 2508 parumque
1507 2452 1547 2493 ec
1558 2442 1624 2493 arte

331 2537 455 2605 conficta
477 2529 567 2592 sunt?
589 2533 648 2591 Hic
668 2533 741 2590 mibi
760 2539 878 2607 reputes
897 2535 995 2604 uelim,
1017 2534 1148 2591 candide
1164 2537 1269 2603 lector,
1289 2537 1363 2608 qnid
1379 2536 1492 2608 sronlis
1508 2536 1616 2595 babeat
1626 2544 1693 2595 §.¹¹⁴-

334 2635 488 2706 liniamus,
504 2639 557 2709 qui
571 2646 631 2695 lam
646 2636 822 2707 indicnalnr
838 2635 954 2707 aliquid
966 2633 1042 2692 labis
1057 2637 1181 2708 esperai
1197 2638 1306 2715 amico,
1327 2653 1416 2710 quum
1437 2640 1500 2712 ipse
1519 2647 1626 2697 temere

333 2738 407 2795 nibil
427 2754 486 2795 non
505 2739 639 2796 criminis
659 2739 810 2808 confirmat
830 2737 861 2792 in
878 2737 1021 2793 amicum:
1044 2738 1150 2794 etenim
1170 2744 1272 2810 postea
1294 2747 1383 2810 quam
1406 2741 1436 2796 in
1458 2740 1515 2798 bac
1532 2757 1626 2798 causa

308 2848 326 2885 ²⁰
334 2840 494 2897 vanissima
516 2839 608 2911 diana
631 2846 719 2911 atque
740 2838 864 2909 indiana
887 2837 1086 2896 debacchatus
1107 2845 1181 2896 esset
1201 2840 1232 2896 in
1248 2855 1309 2910 me,
1333 2843 1388 2899 lali
1406 2844 1532 2899 transitu
1549 2859 1626 2916 pcr-

332 2943 376 3012 ait
395 2940 439 2997 ad
459 2947 570 2998 catera
591 2941 728 2998 crimina.
774 2936 954 2996 ‘croiacus
982 2940 1077 3011 inquit
1104 2941 1191 2997 ‘scire
1218 2956 1270 2998 nos
1292 2947 1321 2998 ct
1346 2943 1509 3015 inlelliaerc
1537 2960 1626 3015 accam

335 3043 511 3100 ‘decreveris
535 3043 635 3099 omnin
660 3056 800 3114 peruerse
826 3056 918 3112 onere
947 3041 999 3111 aui
1021 3047 1050 3097 et
1074 3039 1265 3099 benemeritos
1285 3043 1384 3101 odiose
1405 3045 1572 3110 insecteris,
1599 3051 1628 3103 et

335 3147 414 3215 ‘onos
438 3143 529 3201 babes
550 3142 769 3214 infestissimos,
789 3140 878 3212 [cecla
902 3140 1007 3213 abique
1029 3141 1201 3200 adulatione
1215 3140 1340 3216 palpes'.
1385 3144 1478 3217 Alone
1501 3145 1549 3202 bic
1570 3155 1694 3203 nesus,

333 3261 439 3301 rursus
466 3260 519 3302 suo
546 3243 694 3302 arbitratu
722 3246 883 3316 loquentem
911 3240 990 3312 facit
1017 3243 1055 3302 de
1078 3241 1194 3300 duabus
1216 3244 1384 3301 academiis
1404 3243 1582 3302 Louaniensi
1600 3254 1629 3302 et

307 3354 324 3394 n
334 3347 512 3412 Coloniensi,
535 3345 589 3403 sed
600 3347 644 3403 sic
655 3354 686 3402 nt
699 3346 866 3418 quicunqne
886 3344 1006 3415 lecerit,
1025 3344 1105 3401 illico
1114 3343 1251 3417 phrasim
1269 3350 1415 3416 nanoscnl
1427 3344 1626 3415 Hullenicam,

331 3446 386 3505 boc
408 3454 452 3504 est
474 3448 630 3519 ironicam.
677 3445 748 3504 Hcec
764 3462 859 3519 porro
875 3460 989 3503 summa
1010 3445 1144 3501 criminis
1160 3452 1219 3502 cst:
1240 3445 1310 3502 Cum
1331 3445 1408 3503 dicas
1426 3446 1494 3503 illas
1513 3446 1628 3504 acade-

331 3550 407 3605 mias
429 3550 461 3605 in
485 3549 637 3620 colloquiis
652 3549 814 3609 amicornm
836 3561 1017 3619 maanopere
1038 3545 1224 3612 bennarim,
1246 3562 1325 3603 nnnc
1341 3548 1370 3603 in
1388 3548 1517 3619 epistolis
1532 3547 1627 3605 bono-

331 3652 416 3720 rifice
432 3649 469 3706 de
482 3651 525 3707 eis
539 3651 654 3721 [σφισιν.
703 3648 781 3717 Quid
795 3663 850 3720 cao
869 3644 981 3705 audio?
1001 3664 1041 3705 nn
1058 3664 1189 3720 unquam
1207 3664 1273 3704 cum
1293 3649 1356 3706 stila
1373 3648 1530 3706 academie
1546 3650 1619 3707 mibi
1628 3661 1694 3711 §.us

330 3751 439 3809 bellum
454 3746 538 3821 fait?
559 3766 598 3808 an
620 3751 686 3807 ideo
704 3765 761 3806 non
781 3757 824 3807 σει
842 3751 1053 3822 florentissima
1074 3749 1230 3808 academia
1245 3749 1451 3818 lovaniensis,
1475 3751 1555 3823 quod
1567 3752 1628 3809 illic

307 3853 444 3924 onliqaol
470 3852 571 3909 stolidi
588 3858 725 3925 puqncnt
748 3852 892 3909 aduersus
919 3851 1010 3910 bonas
1032 3847 1158 3910 literas?
1184 3868 1225 3909 an
1248 3868 1305 3910 non
1328 3851 1421 3911 babeo
1449 3859 1478 3909 el
1500 3852 1628 3911 Colanica

330 3954 437 4010 maltos
459 3955 512 4026 qai
530 3953 603 4010 mibi
619 3951 691 4010 bene
713 3955 812 4025 nolunt
832 3961 861 4011 et
881 3955 933 4026 qui
950 3952 1058 4024 sanent
1077 3952 1246 4011 uielioribus
1263 3950 1393 4011 studiis?
1422 3950 1546 4024 mando
1569 3971 1627 4011 un-

330 4070 421 4128 quam
432 4054 562 4128 probaui
576 4050 692 4112 ninias?
714 4054 802 4112 bonos
817 4071 884 4113 acro
898 4072 954 4113 cur
969 4055 1090 4115 debeam
1105 4052 1272 4114 incessere?
1290 4055 1354 4114 Hoc
1367 4072 1435 4114 nero
1449 4073 1617 4129 nucamen—
1630 4067 1696 4118 §.¹¹⁷-

331 4163 392 4213 tum
417 4157 483 4214 cide
506 4156 610 4230 quibus
634 4155 728 4214 uerbis
751 4163 934 4239 ecanaeral:
962 4155 1029 4215 ‘Tu'
1052 4158 1148 4229 inquit
1171 4160 1338 4215 ‘conuersus
1361 4157 1551 4217 blandissime
1571 4160 1630 4216 illis

336 4258 536 4316 ‘commendas
550 4265 594 4327 tc,
611 4258 823 4331 laudandoque
839 4258 1012 4315 academias
1028 4260 1098 4315 illas
1113 4274 1190 4330 pene
1207 4258 1329 4316 Alienis
1340 4257 1483 4331 prefers,
1499 4266 1629 4318 nostram

310 4360 459 4415 s‘lanans
489 4360 649 4417 cadmiam
677 4362 729 4432 nui
754 4361 819 4416 illos
849 4358 891 4416 ibi
910 4358 1047 4417 Platones
1073 4368 1102 4416 et
1133 4356 1159 4415 Τ
1158 4359 1349 4432 beoplcrdslos
1376 4355 1628 4416 incessiverimns’.

346 4460 417 4530 Quis
437 4477 495 4519 non
513 4461 592 4519 cidct
609 4461 688 4519 banc
701 4460 996 4532 arandiloqaentiam
1013 4460 1131 4516 adrem
1147 4461 1266 4517 minime
1283 4454 1487 4532 respondere?
1509 4458 1617 4531 Suspi-
1628 4470 1697 4518 sus.

330 4578 385 4621 cor
404 4561 564 4620 liuttennm
587 4563 636 4621 bic
662 4561 807 4633 offensum
831 4561 969 4634 epistola,
999 4575 1087 4632 qnam
1112 4559 1209 4617 scribo
1231 4559 1371 4630 tbeoloois
1390 4558 1628 4625 lovaniensibus,

401 4728 421 4761 ¹¹
441 4747 489 4779 cnr
507 4734 578 4778 nnn‘l
598 4731 661 4793 quin
681 4729 806 4777 duumvir
825 4727 951 4789 idemque
966 4725 1142 4773 consiliarius
1156 4723 1274 4773 Caesnris
1290 4727 1430 4788 potentior
1442 4740 1522 4788 quiam
1537 4724 1630 4773 rhetor

332 4816 489 4866 videbatur.
561 4812 671 4878 1θὶρεε]
692 4815 789 4870 Imma,
811 4825 899 4874 neque
919 4809 1050 4857 confinxit
1068 4810 1221 4865 Huttenus,
1248 4809 1375 4868 Ernsme,
1400 4823 1488 4872 nequo
1514 4809 1541 4856 in
1562 4810 1627 4857 aini-

332 4915 401 4957 cusn,
422 4899 471 4948 secl
490 4900 519 4947 in
537 4904 565 4946 te
585 4914 664 4962 quom
683 4897 911 4946 calumniatorem
931 4892 1101 4957 expostulat,
1127 4906 1215 4955 nequo
1242 4908 1258 4941 a
1283 4898 1362 4955 tergo
1381 4892 1563 4941 clandestinis
1582 4909 1628 4943 ve·

331 4985 410 5032 nonis
430 4982 585 5031 adulatorie
605 4988 632 5029 te
653 4980 824 5045 adgreditur,
846 4984 875 5026 nt
894 4983 923 5026 ln
942 4976 1113 5040 Capnionom
1137 4976 1240 5025 rosisti.
1284 4973 1303 5007 ²¹
1324 4974 1389 5041 insu]
1409 4978 1522 5042 Expost.
1536 4977 1627 5036 §.112

330 5065 353 5098 ⁸²
372 5064 440 5132 inq.]
460 5068 574 5130 Exposl.
588 5068 611 5126 ὅ.
629 5064 684 5114 114.
