4367 6084
462 759 607 809 CCXXXI.
621 773 745 809 nvrrntu
758 769 910 808 rurscam
923 769 953 806 ru
966 769 1235 807 urrunnouasrtess
1249 769 1435 806 sacsnnorss.
1447 769 1531 806 ntur.
1545 763 1603 807 tstt.
1634 740 1683 812 27

400 935 505 989 restrae.
553 929 623 1006 ipsis
651 930 728 988 enim
757 927 840 989 lactis
868 926 1044 986 documenta
1073 924 1147 986 datis
1174 924 1271 1006 palam
1299 922 1384 986 sabis
1405 925 1534 987 veritatis
1561 935 1591 987 et
1617 927 1683 989 fidei

400 1033 591 1090 monumentis
619 1031 779 1089 consistere
806 1035 932 1088 vestram
961 1029 1143 1107 tyrannidem
1171 1046 1230 1086 non
1259 1016 1354 1106 posse.
1400 1028 1456 1088 Ubi
1480 1031 1573 1089 miror
1594 1030 1755 1107 'spemt-to.

400 1126 484 1192 luisse
504 1151 634 1211 uuquam
658 1132 739 1191 robis
760 1132 951 1208 perrieturos.
997 1131 1085 1189 att-tn
1108 1138 1237 1189 mentem
1259 1147 1318 1188 non
1341 1129 1474 1189 veniebat
1495 1130 1577 1190 robis
1599 1132 1686 1192 diriui

400 1233 468 1294 illins
491 1235 618 1302 oraculi,
644 1234 772 1300 ‘meltum
798 1241 905 1292 terram
928 1237 957 1291 et
971 1233 1068 1291 omnia
1083 1233 1258 1299 transitura,
1282 1231 1389 1291 Christi
1403 1231 1491 1291 rerba
1507 1251 1566 1292 nou
1581 1236 1685 1293 trausi-

339 1336 486 1395 ⁵tnra’i
518 1336 620 1414 ltaque
648 1342 814 1412 oppuguate
846 1338 899 1393 nbs
928 1335 1043 1412 quantis
1077 1335 1196 1392 omnino
1230 1335 1350 1409 potestis
1378 1332 1502 1404 virilum,
1536 1352 1686 1412 uunquam

401 1443 489 1497 tamen
513 1437 733 1514 expugnabilis:
767 1437 989 1496 tundamentum
1013 1433 1157 1494 babemus
1179 1434 1341 1502 Christum,
1370 1442 1457 1512 atquo
1480 1435 1568 1509 igitur
1594 1437 1686 1496 ruine

272 1552 362 1597 cx
415 1533 421 1618 Ι
454 1558 578 1598 securos
601 1522 772 1598 constitutos
796 1556 849 1597 tros
875 1533 1062 1596 arbitramur.
1102 1537 1275 1615 Quanquam
1297 1543 1376 1596 reete
1398 1555 1513 1595 summu
1535 1539 1563 1596 iu
1585 1539 1754 1616 preciottt.

403 1638 572 1700 lateremus
601 1659 665 1709 eos,
699 1642 723 1700 si
749 1642 825 1699 iuter
854 1656 909 1698 uos
938 1627 1113 1698 laboraretis
1141 1646 1169 1697 et
1197 1640 1225 1698 iu
1253 1638 1371 1698 donnae
1399 1636 1484 1697 uobis
1512 1641 1684 1714 ptraeossotts.

403 1758 471 1801 ottnc
495 1742 642 1820 crapulari
666 1761 731 1811 νος,
755 1743 877 1801 scortari
901 1748 929 1800 et
951 1758 1004 1818 per
1027 1741 1123 1799 omnia
1146 1741 1285 1817 ineptire,
1310 1742 1436 1816 graviter
1452 1739 1522 1799 nibil
1538 1757 1626 1814 agere
1641 1741 1685 1800 rel

320 1846 524 1921 nneogttare
554 1863 622 1903 curn
651 1844 812 1912 rideamus,
841 1843 897 1907 boc
925 1843 1128 1919 permittemus
1155 1840 1237 1899 robis
1264 1848 1297 1902 ut
1325 1840 1361 1899 de
1387 1840 1444 1899 tute
1467 1860 1555 1919 quam
1577 1839 1686 1901 nullam
1769 1905 1774 1908 ἢ

402 1941 521 2014 baltetis,
547 1952 573 2005 et
591 1945 731 2020 religione
748 1964 835 2023 qttam
851 1944 931 2004 nullo
954 1961 1044 2020 opere
1067 1944 1238 2019 agnoscitis,
1262 1942 1412 2001 iudicetis?
1441 1942 1553 2012 Quibus
1569 1944 1754 2003 totidemto-

400 2049 549 2123 pnestigiis
578 2048 615 2106 ita
644 2048 762 2107 creditis
791 2047 908 2106 destitui
935 2038 1022 2123 posse
1049 2062 1119 2111 uos
1150 2051 1181 2102 ut
1204 2061 1263 2102 nou
1286 2042 1440 2120 aliqnando
1464 2046 1687 2121 resipiscamus?

398 2144 529 2224 l'meipit
552 2147 659 2208 Paulus
682 2156 711 2208 et
732 2166 786 2225 per
809 2148 955 2207 Christum
979 2145 1157 2213 obtestatur,
1187 2151 1219 2205 ut
1241 2163 1295 2203 uos
1322 2145 1521 2204 subducamus
1547 2146 1583 2204 ab
1607 2149 1687 2206 omui

394 2250 438 2323 qui
469 2250 637 2309 inordinate
664 2269 695 2310 se
724 2251 813 2327 gerit,
849 2257 877 2309 et
899 2248 1086 2308 'lituotlteunt
1117 2247 1176 2307 cult
1204 2247 1315 2322 scitmgi
1346 2247 1381 2306 ab
1410 2248 1445 2305 iis
1468 2247 1516 2324 qui
1544 2254 1687 2324 quaestum

342 2356 500 2422 ¹5putaut
528 2369 592 2410 esse
621 2353 767 2428 pietatem.
813 2351 896 2424 Quod
926 2368 992 2408 cunt
1021 2349 1114 2409 oculis
1142 2349 1289 2408 obiectum
1312 2350 1349 2408 sit
1371 2355 1399 2407 et
1421 2348 1541 2408 auribus
1563 2350 1686 2417 insonet,

388 2455 490 2510 tamen
515 2454 653 2529 sperandi
677 2456 763 2512 liuem
787 2472 846 2512 tutu
870 2453 961 2512 laritis
984 2452 1012 2509 iu
1036 2451 1204 2510 servitutem
1228 2448 1362 2527 delapsus
1384 2468 1437 2508 uem
1460 2451 1537 2509 baud
1559 2469 1688 2528 ttttquam

385 2567 596 2623 remorsurus,
629 2561 657 2614 et
684 2562 828 2633 perpetuo
856 2571 1063 2613 successurum
1092 2552 1274 2612 arbitramini
1302 2558 1333 2610 ut
1361 2553 1496 2628 precario
1523 2553 1605 2630 epitasi
1633 2552 1687 2611 sub

383 2655 475 2714 robis
505 2658 582 2715 rictu
613 2674 733 2732 agamus
763 2656 895 2715 botuiues
923 2663 1054 2713 extreme
1083 2654 1234 2712 tletncntes
1263 2660 1291 2712 et
1313 2654 1370 2711 iam
1393 2653 1497 2712 anituis
1518 2654 1628 2732 pariter
1652 2674 1686 2712 ae

381 2757 530 2816 sensibus
553 2758 690 2818 destituti.
736 2756 812 2827 Quid
834 2758 910 2816 tunm
926 2775 993 2848 ,nou
1017 2757 1118 2816 videtis
1140 2756 1251 2814 moseri
1275 2754 1337 2813 baec
1359 2773 1461 2835 posse,
1490 2754 1600 2814 aulerri
1628 2774 1686 2813 mm
1696 2767 1755 2817 tta.

340 2861 501 2930 ²⁰posse'?
524 2878 592 2919 nant
616 2861 787 2919 cottcutictis
809 2860 946 2925 forsitan,
970 2875 1121 2935 ttutupmm
1142 2863 1239 2915 taumu
1261 2855 1437 2916 ronrclletis.
1474 2855 1573 2915 Vestra
1590 2863 1687 2916 autem

379 2955 446 3018 ista
471 2963 538 3038 quis
560 2947 698 3021 diuturna
722 2961 785 3019 lore
808 2961 923 3028 eredat,
947 2961 996 3037 epti
1012 2959 1130 3038 quidem
1147 2959 1263 3026 viderit,
1288 2959 1341 3016 etsi
1356 2958 1480 3034 speretis
1495 2958 1606 3025 adlme,
1630 2964 1688 3016 tant

332 3056 365 3104 ¹¹¹
427 3057 434 3144 Ι
481 3063 567 3120 attxie
588 3069 685 3122 tamen
710 3064 825 3122 interitu
855 3068 986 3121 tuetuere
1016 3061 1083 3119 uos?
1117 3060 1214 3130 Quare
1237 3060 1316 3119 btrue
1342 3059 1463 3118 desinite
1489 3059 1756 3119 inanissimumsu.

357 3162 554 3224 'olivertere
576 3162 662 3223 uobis
684 3171 809 3231 motum,
834 3169 862 3221 et
885 3162 1014 3255 terwtli
1037 3163 1126 3221 sutem
1149 3163 1244 3221 tacite.
1290 3161 1404 3220 Scimus
1427 3178 1443 3219 a
1467 3159 1573 3237 quibus
1602 3160 1689 3219 absti-

376 3274 467 3327 nere
491 3267 548 3324 ritu
573 3272 722 3344 oporteat,
752 3282 877 3343 quorum
907 3264 1095 3322 veneratione
1117 3263 1210 3321 teucri
1233 3269 1262 3320 et
1290 3263 1470 3320 maiestatem
1499 3261 1592 3318 uereri
1621 3279 1690 3318 trtiu-

333 3357 358 3397 ὃ
378 3367 507 3433 veniat;
542 3384 638 3444 neque
661 3369 830 3441 ignoramus
853 3366 920 3442 quid
945 3364 1087 3424 debeatur
1115 3363 1192 3421 reris
1220 3362 1266 3420 dei
1295 3360 1512 3427 sacerdotibus,
1546 3367 1575 3419 et
1603 3380 1691 3439 epotam

376 3477 455 3525 nou
479 3467 595 3526 sithoc
617 3468 749 3544 polluere
772 3467 943 3541 religionem
967 3474 1016 3525 aut
1046 3482 1129 3523 sacra
1155 3463 1358 3541 prophanare,
1393 3462 1526 3521 bomines
1555 3461 1634 3520 uibili
1664 3469 1692 3521 et

374 3579 454 3626 nou
479 3569 594 3627 virtutis
617 3576 728 3628 tautum
751 3570 865 3634 itmues,
888 3560 1261 3644 sedpet·lra11tlenretiattt
1278 3572 1306 3623 et
1321 3564 1449 3623 dedecus
1464 3563 1691 3622 sacratissimum

380 3681 505 3727 ltotuen
529 3670 663 3746 pessimis
685 3670 817 3729 moribus
839 3668 1013 3745 obtegentes
1034 3666 1070 3726 ab
1095 3668 1216 3726 ecelesia
1240 3667 1286 3725 dei
1316 3668 1342 3725 ri
1371 3685 1404 3724 ac
1432 3663 1565 3724 uiolentia
1594 3663 1690 3741 repel-

380 3763 474 3836 lere,
507 3788 669 3850 corutuqne
698 3771 734 3831 ab
763 3773 954 3849 oppressione
983 3769 1119 3829 manibus
1147 3775 1176 3827 et
1203 3768 1305 3845 gladiis
1334 3768 1480 3828 tietmaro
1509 3784 1571 3825 nos.
1617 3768 1760 3836 uitiatas.

387 3874 476 3930 euim
500 3873 684 3932 stomachum
708 3874 837 3932 ruoristis
859 3873 945 3939 mibi,
974 3870 1068 3930 audeo
1092 3871 1190 3930 dicere
1213 3889 1247 3927 ex
1271 3870 1353 3930 toliis
1376 3871 1522 3929 ueruiuetu
1546 3886 1610 3928 esse
1632 3870 1692 3946 epi·

382 3988 535 4051 scopum:
560 3992 662 4033 omues
683 3975 760 4034 enim
783 3975 892 4033 emistis
914 3974 1128 4050 episcopatum,
1153 3991 1247 4050 neque
1269 3973 1396 4051 aliquem
1420 3991 1455 4031 ex
1478 3970 1558 4029 robis
1579 3971 1691 4039 nterita,

385 4075 448 4135 scd
473 4095 579 4135 aurum
602 4078 734 4153 prorexit
757 4075 793 4135 ad
817 4075 941 4151 gradum
963 4076 1060 4141 buue;
1084 4073 1162 4133 illam
1183 4075 1273 4149 gratis
1288 4074 1413 4133 dandam
1429 4074 1552 4148 gratiam
1568 4074 1692 4149 {iecttnia

392 4179 578 4246 aestimastis,
612 4184 641 4237 et
664 4177 728 4237 ideo
752 4180 875 4252 gratiam
898 4194 957 4235 nou
987 4175 1115 4241 babetis,
1150 4192 1242 4251 quare
1270 4178 1354 4235 etiam
1379 4176 1509 4252 episcopi
1532 4192 1591 4232 nou
1613 4175 1691 4233 estis.

319 4265 390 4323 ¹¹¹¹
439 4274 447 4359 Ι
491 4276 664 4357 Quatttptam
688 4286 720 4338 nt
742 4296 801 4337 nou
822 4279 1020 4337 intercesserit
1041 4279 1094 4336 ista
1116 4278 1290 4344 uumtuatio,
1316 4285 1343 4337 et
1369 4283 1480 4336 tautum
1508 4294 1560 4353 per
1587 4287 1759 4335 ntauusttc.

328 4371 374 4418 ἢ
401 4379 616 4456 impositionem
640 4381 706 4441 tacti
729 4381 857 4457 episcopi
887 4380 963 4448 sitis,
998 4386 1094 4438 tamen
1124 4378 1266 4438 abborret
1296 4380 1367 4446 rita,
1403 4395 1458 4437 nec
1488 4377 1692 4453 episcoporum

395 4502 602 4517 *v———n

322 3858 360 3903 ³0

466 4565 552 4632 ¹1psi
573 4570 629 4617 ts.
683 4562 827 4629 ⁴oraculi]
846 4562 1247 4629 Evangsectucffleo.
1301 4562 1399 4611 eoelum
1419 4564 1509 4611 2.5.⁶.
1562 4559 1692 4608 'cousti-

402 4655 546 4702 tnrosltti.
601 4651 798 4717 lprodesuotia
818 4652 843 4700 3.
896 4649 1051 4699 tniehits.
1107 4648 1125 4680 ¹¹
1145 4648 1347 4697 indicetisld.
1402 4645 1422 4678 ¹⁸
1441 4642 1530 4708 Paul]
1551 4662 1593 4709 ep.
1607 4645 1644 4692 ΙΙ.
1659 4644 1693 4692 ad

404 4737 525 4787 Thessal.
540 4736 592 4786 111.
605 4736 630 4785 6.
683 4733 943 4785 ¹⁴'1'hi1noteum3.
991 4732 1060 4798 vult]
1074 4732 1152 4783 Paul.
1168 4749 1209 4796 ep.
1225 4731 1246 4779 1.
1261 4732 1296 4780 ad
1308 4729 1427 4779 Timoth.
1442 4731 1488 4779 vt.
1502 4730 1527 4778 5.
1582 4729 1616 4777 ab
1630 4730 1653 4777 is
1667 4732 1692 4778 2.

408 4823 498 4872 abbis
518 4825 578 4871 st.
628 4826 753 4885 questum
773 4822 796 4868 t.
850 4819 872 4851 ¹⁷
890 4818 1011 4884 remees]
1034 4821 1190 4868 inuersuros
1211 4819 1235 4864 3.
1290 4816 1415 4880 precario
1434 4818 1460 4863 2.
1512 4810 1532 4844 ¹¹
1554 4814 1647 4863 credet
1668 4817 1691 4865 l.

405 4904 588 4972 ”profanare
608 4910 632 4954 6.
691 4904 712 4936 ’Β
731 4905 895 4968 obtegentes
914 4901 1182 4966 eddobtegentibus
1202 4904 1227 4951 3.
1269 4901 1475 4964 ltraetendentes
1493 4900 1613 4949 cornil.
1665 4902 1693 4950 vi

407 4991 715 5042 aeriolentiaomtad.
763 4987 785 5019 ²⁰
805 4990 906 5038 manib.
922 4994 950 5038 et
968 4989 1041 5054 glad.
1061 4989 1132 5037 eruis.
1147 4989 1172 5036 4.
1220 4983 1242 5017 ³⁴
1261 4986 1432 5052 Quamquam
1452 4987 1510 5033 5.6.
1565 4983 1602 5051 et]
1623 4992 1653 5036 ut
1666 4991 1692 5037 3.

314 5088 317 5096 '
407 5073 426 5105 '⁵
441 5093 491 5127 nee
510 5078 539 5126 in
557 5092 584 5124 v.
599 5092 641 5141 ep.
656 5092 698 5140 op.
712 5074 767 5124 vid.
784 5076 808 5122 3.
1283 5067 1285 5070 ’
1598 5069 1601 5073 ’
