4367 6084
535 709 610 780 448
658 722 814 772 cccxcii.
829 737 1036 772 areannoarrrr
1051 737 1088 771 an
1101 738 1204 773 rassin
1220 739 1363 774 usauria
1378 739 1459 775 rvsrn
1474 741 1613 782 orasses.
1628 739 1707 775 rana.
1722 734 1778 775 1531.

1089 867 1107 887 Ι

535 898 707 972 ploraturus.
731 897 796 970 qnid
811 896 961 968 Tragoediae
977 904 1064 951 essct:
1086 903 1113 950 at
1131 896 1279 970 principem
1297 913 1352 951 non
1369 898 1472 970 reperi,
1496 898 1576 952 incidi
1594 908 1681 953 tamen
1700 900 1727 953 in
1747 917 1824 972 quen·

534 984 609 1043 dam.
632 982 677 1055 qui
697 980 840 1054 epistolam
859 999 873 1035 a
895 998 923 1036 se
946 981 1028 1034 risam
1051 989 1079 1034 et
1102 980 1198 1037 lectam
1222 997 1281 1036 esse
1309 981 1428 1043 dicebat.
1457 981 1562 1054 singula
1592 984 1677 1038 terme
1700 973 1823 1043 celerem.

536 1086 596 1140 qum
620 1065 739 1140 Epistola
761 1065 932 1127 continelrat.
956 1064 1114 1120 continebat
1134 1074 1223 1120 autem
1237 1062 1301 1120 'tam
1326 1065 1450 1138 indigna,
1472 1075 1502 1121 ut
1520 1067 1572 1121 nisi
1593 1068 1662 1121 larne
1679 1077 1705 1122 et
1722 1070 1823 1123 nornine

536 1153 648 1208 interire
670 1150 779 1210 vellem.
808 1167 837 1204 ea
860 1150 990 1204 alerorare
1011 1166 1066 1203 non
1091 1168 1210 1223 possein.
1253 1150 1288 1205 lix
1313 1149 1354 1204 liis
1377 1151 1461 1222 igitur
1481 1152 1600 1206 comitiis
1624 1152 1655 1206 ad
1678 1153 1823 1225 Principem

535 1236 645 1310 scripsi,
669 1236 727 1290 ciris
750 1235 833 1289 lernre
853 1234 1005 1306 argumenti
1030 1232 1137 1295 literas,
1160 1234 1255 1293 audire
1276 1252 1318 1289 me
1340 1236 1410 1308 apud
1437 1253 1511 1291 suam
1533 1235 1709 1293 Clementiam
1732 1249 1845 1309 magnos

535 1329 675 1393 gravatum
699 1319 761 1375 odia
785 1320 898 1391 quadam
922 1318 1052 1392 epistola,
1074 1318 1188 1392 supplex
1211 1336 1326 1392 rogans.
1349 1319 1496 1375 Clementia
1518 1338 1565 1376 sua
1586 1338 1645 1376 eam
1669 1322 1701 1376 ad
1722 1339 1765 1376 me
1783 1323 1823 1376 de·

535 1407 600 1461 lerri
624 1404 740 1465 sineret.
764 1403 944 1459 innocentiam
968 1420 1053 1458 meam
1077 1402 1235 1458 Celsitudini
1257 1421 1313 1459 suae
1338 1422 1379 1459 mc
1402 1404 1595 1478 probaturum:
1619 1405 1713 1461 Serius
1733 1409 1825 1462 rescri-

535 1492 590 1564 psit
612 1489 741 1562 Princeps
763 1496 791 1543 et
818 1488 843 1542 in
870 1488 938 1543 lianc
967 1488 1025 1542 lerc
1048 1488 1224 1543 senteutiam:
1258 1487 1451 1544 Celsitudinem
1478 1507 1552 1544 suam
1584 1489 1754 1562 intelligere.
1788 1508 1824 1546 mc

535 1592 630 1650 parare
656 1572 786 1628 calamum
811 1574 837 1627 in
856 1571 994 1627 Erasmum
1017 1572 1241 1634 lloterodamum,
1267 1573 1302 1627 oli
1325 1572 1456 1646 scriptum
1480 1592 1536 1629 suae
1562 1574 1719 1630 Clementiae
1744 1583 1824 1630 trans-

445 1716 449 1723 ,
535 1660 659 1719 missurn.
680 1658 758 1713 cuius
780 1656 919 1712 Celsitndo
941 1674 989 1711 sna
1014 1657 1169 1711 meminisse
1193 1674 1247 1712 nou
1267 1666 1375 1730 posset,
1405 1657 1544 1713 Erasmum
1567 1659 1670 1732 saepius
1692 1660 1724 1715 ad
1746 1659 1851 1714 Celsi-u

535 1745 654 1799 tudinem
678 1760 752 1797 suam
772 1741 879 1796 dedisse
904 1739 1011 1801 literas,
1035 1741 1061 1795 in
1082 1740 1181 1814 quilius
1197 1742 1249 1796 mci
1266 1741 1433 1803 meminerit,
1454 1760 1551 1816 meque
1569 1761 1674 1799 summe
1692 1761 1824 1800 commen-

533 1829 619 1890 darit,
641 1827 739 1901 partim
763 1825 843 1881 ctiam
864 1826 981 1880 instituti
1003 1826 1053 1880 mci
1076 1826 1209 1881 rationem
1228 1825 1388 1882 Celsitudini
1409 1845 1465 1882 suae
1488 1828 1642 1889 declames,
1667 1846 1722 1901 quo
1741 1846 1824 1884 more·

534 1920 611 1969 retur
628 1930 675 1967 sua
695 1910 849 1975 tlelsitudo,
866 1911 980 1971 iuberet.
997 1917 1027 1964 ut
1044 1910 1211 1965 iuventutem
1227 1928 1312 1966 meam
1328 1929 1407 1984 quam
1423 1912 1525 1985 optime
1540 1913 1668 1974 locarem.
1691 1913 1823 1968 invectivis

534 2007 561 2054 et
584 1996 722 2053 maledicis
744 1995 844 2050 libellis
866 2013 920 2050 non
941 2011 1065 2067 magnam
1086 1995 1212 2068 conquiri
1235 1994 1365 2067 gloriam,
1390 1996 1432 2051 nis
1451 2014 1494 2052 me
1509 1998 1607 2053 studiis
1623 1998 1703 2052 inniti
1718 1998 1821 2059 debere,

534 2100 595 2158 quae
615 2080 674 2138 orlri
697 2079 846 2136 christiano
867 2089 894 2135 et
917 2079 1012 2154 patriae
1037 2088 1210 2141 ornamento,
1238 2080 1303 2134 milri
1334 2089 1423 2136 autem
1453 2090 1480 2136 ct
1502 2082 1644 2138 commodo
1671 2090 1699 2138 et
1731 2083 1851 2154 glorian

534 2174 634 2224 essent.
679 2166 755 2233 Quod
785 2165 919 2238 Principis
948 2181 1108 2237 responsum
1141 2165 1232 2219 statim
1264 2164 1407 2238 insequuta
1429 2165 1550 2239 Epistola
1578 2166 1682 2222 Erasini
1710 2168 1822 2222 missua

534 2254 650 2326 quodam
673 2258 728 2306 tum
751 2249 830 2324 primi
854 2249 984 2310 nominis.
1013 2266 1093 2322 quam
1116 2266 1177 2304 cum
1198 2248 1340 2321 legissem,
1370 2251 1472 2323 arripui
1496 2251 1548 2307 iter
1565 2251 1711 2309 Basileam.
1735 2254 1762 2306 in
1786 2253 1823 2306 ins

535 2346 678 2393 vocaturus
700 2335 824 2409 epistolae
847 2334 1002 2395 autlrorcm.
1035 2333 1087 2388 adii
1110 2333 1268 2396 Consulem,
1300 2344 1427 2408 questus.
1461 2336 1525 2408 quid
1550 2336 1616 2390 milri
1635 2336 1674 2391 nil
1698 2337 1752 2392 tale
1773 2354 1823 2391 mc·

533 2422 604 2478 renti
626 2420 753 2477 acciderit
775 2420 809 2475 alr
829 2419 952 2479 Erasmo,
976 2417 1106 2490 rogabam
1129 2435 1239 2492 quoque
1259 2426 1292 2493 ut
1314 2418 1389 2474 litem
1410 2419 1450 2474 illi
1473 2420 1613 2476 intendere
1635 2439 1726 2477 coram
1747 2421 1823 2493 llagi-

532 2515 621 2562 stratu
640 2506 748 2561 liceret:
771 2522 814 2560 res
837 2505 869 2559 ad
892 2505 1018 2558 Senatum
1040 2503 1178 2564 dclcrtur,
1204 2504 1318 2559 Senatus
1336 2504 1468 2560 actionem
1490 2504 1548 2561 iure
1567 2506 1697 2568 decernit,
1717 2507 1820 2562 interim
1829 2521 1849 2559 u

533 2592 572 2646 rir
592 2589 796 2647 candidissimus
820 2589 916 2643 lleatns
932 2588 1076 2643 Rhenanus
1097 2596 1191 2660 rogat,
1215 2605 1249 2643 nc
1269 2589 1333 2662 quid
1352 2588 1445 2644 odiose
1467 2588 1523 2645 litis
1542 2607 1677 2653 meream.
1702 2590 1823 2663 alloquar

532 2677 608 2750 prius
631 2675 785 2734 Erasinum‚
810 2673 832 2728 is
853 2672 978 2728 fortassis
999 2672 1087 2727 onmia
1111 2672 1284 2743 mitigaturus
1307 2673 1351 2727 sit.
1396 2674 1505 2728 tlondiai
1527 2674 1710 2748 colloquium.
1733 2675 1821 2731 sedin

532 2759 635 2815 aodilms
657 2758 746 2813 eximii
766 2757 813 2812 riri
833 2757 955 2812 lloctoris
978 2756 1102 2812 ludovici
1126 2756 1200 2818 lteri,
1220 2758 1252 2812 ad
1271 2757 1360 2813 (liviam
1378 2758 1489 2813 Petrum
1511 2759 1670 2832 Praepositi,
1693 2777 1747 2833 quo
1765 2776 1821 2814 cum

532 2844 664 2898 venissem
687 2840 806 2898 omnium
830 2843 923 2897 lraram
947 2859 1037 2896 rerum
1062 2840 1162 2895 inscius
1184 2850 1243 2896 erat
1260 2842 1356 2903 Beros.
1387 2844 1524 2915 expectari
1544 2843 1569 2897 in
1593 2843 1706 2900 alteram
1730 2844 1819 2899 horam

531 2929 686 2989 Erasmum,
710 2926 756 2981 sed
780 2944 834 2982 non
853 2926 939 2988 venit,
962 2926 1028 2981 redii
1045 2926 1076 2982 ad
1095 2925 1287 2987 cliversorium.
1310 2926 1398 2982 lusum
1418 2943 1459 2981 mc
1479 2936 1591 3000 putans.
1616 2928 1741 2984 veniebat
1756 2928 1850 2982 Rhe-es

532 3012 632 3074 nanus,
660 3019 793 3074 erratum,
818 3011 920 3085 iuquit,
947 3018 1003 3072 est,
1036 3011 1163 3066 Erasmus
1189 3018 1214 3066 tc
1243 3011 1315 3066 domi
1343 3019 1478 3084 expectat.
1513 3012 1616 3067 aiebam
1645 3031 1688 3068 me
1715 3013 1821 3068 demum

533 3089 605 3153 illius
629 3096 701 3153 nolle
725 3097 846 3170 ingredi,
868 3096 997 3155 oliserro,
1020 3097 1071 3155 ait,
1096 3096 1184 3150 nescis
1207 3095 1270 3168 quid
1294 3095 1358 3151 lioui
1378 3113 1543 3169 congressus
1563 3097 1606 3152 liic
1629 3096 1763 3153 allaturus
1780 3098 1820 3157 sit.

531 3191 634 3258 prater
655 3200 685 3237 ea
707 3181 832 3237 Erasmus
854 3198 886 3237 cs
908 3178 1011 3235 calculo
1033 3178 1102 3234 male
1124 3178 1219 3234 habet:
1256 3180 1381 3253 precibus
1408 3181 1484 3236 einrici
1511 3198 1659 3254 persuasus
1683 3200 1730 3245 eo.
1765 3181 1821 3255 Epi·

531 3268 628 3324 stolam
646 3266 717 3322 illam
737 3266 947 3322 laudatissimam
965 3266 1061 3325 exero,
1077 3264 1109 3318 ad
1131 3264 1238 3336 singula
1254 3264 1382 3338 preconia
1401 3265 1589 3338 expostulans,
1612 3267 1714 3323 maiore
1737 3275 1819 3322 tamen

531 3352 730 3412 moderatione.
755 3369 833 3425 qnam
856 3352 894 3405 roi
919 3350 1064 3421 indignitas
1087 3348 1231 3422 poscebat:
1264 3358 1347 3422 nogat
1368 3367 1428 3405 csse
1453 3367 1542 3411 suam.
1574 3369 1635 3406 cum
1667 3359 1756 3406 tamen
1782 3351 1849 3404 rixa
1899 3384 1903 3393 -

531 3456 610 3494 ovum
631 3455 681 3493 aro
705 3444 757 3492 tam
781 3435 869 3492 similo
891 3442 977 3495 essct,
1001 3434 1039 3488 sic
1063 3451 1112 3507 per
1135 3433 1224 3488 omma
1246 3433 1382 3489 relerelmt
1403 3433 1547 3490 Erasmum.
1593 3435 1620 3490 Si
1639 3436 1819 3508 Magistratus.

532 3523 554 3578 si
574 3523 631 3584 ius,
653 3521 777 3596 inquam,
801 3522 827 3575 in
851 3518 987 3597 lrac‘urlm
1010 3528 1065 3580 est,
1092 3526 1120 3573 tu
1143 3536 1194 3591 pro
1218 3518 1265 3573 lrac
1288 3518 1407 3592 Epistola
1428 3537 1535 3575 sarisam
1554 3521 1642 3576 dices:
1663 3520 1821 3592 cogitabun-

530 3608 580 3663 dus
601 3608 727 3663 Erasmus
750 3605 863 3679 cluserit,
887 3621 1004 3677 ‹pnonam
1027 3610 1107 3678 pacto
1130 3620 1232 3659 raecum
1256 3603 1282 3657 iu
1304 3604 1419 3676 gratiam
1442 3605 1530 3660 redire
1552 3605 1654 3677 possit,
1683 3623 1712 3660 se
1733 3622 1820 3678 pacem

530 3700 577 3747 aut
599 3691 686 3764 eequis
708 3699 754 3746 aut
777 3689 877 3763 iniquis
899 3688 1101 3744 corrditionilrus
1122 3693 1304 3761 acceptatum.
1350 3688 1486 3762 llcspondi
1514 3706 1555 3744 me
1578 3688 1630 3745 laec
1660 3697 1718 3744 tum
1741 3689 1821 3762 signi·
1851 3714 1853 3719 ·

531 3776 609 3831 ficare
633 3793 687 3830 non
714 3792 808 3849 posse,
844 3774 977 3829 iacturum
1000 3782 1032 3828 ut
1054 3773 1141 3828 altero
1164 3772 1207 3828 dio
1236 3791 1285 3846 per
1312 3772 1421 3829 Beatum
1450 3773 1607 3828 lllrcnannm
1632 3773 1741 3829 consilii
1771 3773 1850 3829 maias

530 3862 632 3916 certior
654 3860 826 3919 redderetur,
853 3859 946 3930 sieque
968 3858 1083 3930 digressi
1107 3874 1210 3912 sumus.
1254 3858 1312 3912 llisi
1336 3859 1460 3931 sequenti
1482 3858 1526 3913 die
1549 3875 1599 3933 per
1624 3858 1735 3914 Beatum
1755 3858 1820 3914 lilae-

530 3961 627 3999 nauum
651 3944 776 4034 sclredarp
800 3960 879 3998 manu
902 3961 960 3998 inca
983 3943 1111 4016 scriptam
1136 3942 1161 3996 in
1186 3942 1257 3999 launo
1279 3944 1404 3998 modum:

876 4078 1068 4147 Concidimus,
1099 4080 1201 4149 quibas
1218 4094 1320 4148 pacem
1344 4086 1477 4148 accepto:

530 4207 730 4286 „gfissffisslffi'g
866 4196 891 4251 I.
921 4197 1088 4263 „Tradnait
1115 4212 1158 4250 me
1186 4215 1242 4251 non
1271 4199 1351 4251 niodo
1379 4198 1460 4268 apud
1482 4196 1659 4268 principem,
1688 4199 1738 4252 cni
1759 4198 1821 4252 licet

582 4293 672 4327 1³0¹tt’11·
783 4283 867 4348 ,aaa
887 4290 913 4337 ct
936 4282 1014 4336 necis
1035 4284 1081 4337 ins
1102 4283 1130 4336 in
1150 4298 1192 4335 ine
1214 4297 1275 4336 csse
1291 4283 1434 4348 rideatur,
1458 4281 1607 4336 sedetiam
1623 4284 1705 4352 apud
1718 4284 1851 4353 ptaresn

529 4369 677 4439 „priamus
712 4369 788 4422 iltius
819 4384 910 4422 caasa
940 4367 1024 4438 scama
1048 4368 1265 4437 periclitamur,
1299 4383 1385 4437 qnam
1415 4381 1563 4421 necessum
1594 4374 1638 4421 est
1669 4370 1819 4431 resarciat,

529 4454 626 4525 ,parad
643 4468 697 4523 pcr
719 4452 878 4523 Epistulam
901 4469 987 4506 nariam
1012 4458 1098 4522 atquc
1123 4453 1244 4507 alteram
1270 4453 1320 4505 nia·
1345 4454 1412 4522 fieri
1434 4453 1556 4520 poterit,
1590 4452 1643 4506 scd
1668 4469 1742 4523 opus
1768 4453 1821 4506 erit

528 4541 733 4609 „inscriptione
754 4538 902 4594 cniusdam
924 4538 1025 4602 libelli,
1060 4537 1108 4590 nlo
1124 4554 1182 4607 pro
1202 4553 1256 4590 sua
1281 4537 1439 4606 prudentia
1463 4537 1584 4590 remita
1608 4541 1762 4607 temperet,
1793 4542 1821 4589 nt

527 4626 584 4689 „sit
599 4631 710 4694 praeter
729 4639 810 4677 sicam
835 4623 1000 4693 insuendam,
1024 4637 1076 4676 nec
1097 4623 1197 4676 lectori
1218 4623 1362 4691 relinquat
1385 4622 1455 4692 qnid
1471 4623 1506 4676 dc
1525 4636 1567 4676 nae
1586 4622 1713 4675 sinistrae
1728 4622 1820 4691 suspi-

528 4711 648 4775 „tionis:
671 4709 870 4778 inscriptiones
888 4709 996 4779 alioqui
1017 4706 1180 4762 datiusmodi
1200 4724 1257 4760 aion
1280 4713 1431 4777 tantopere
1453 4708 1572 4761 arabio.''
1830 4715 1852 4754 tt

574 4832 578 4840 .
613 4792 654 4847 Il.
677 4793 831 4864 „Principi
849 4792 973 4860 scribut,
995 4799 1046 4847 ant
1067 4793 1095 4845 in
1119 4793 1230 4857 aulam,
1256 4792 1304 4846 ubi
1323 4792 1471 4863 epistolam
1490 4808 1572 4845 sicam
1594 4806 1731 4861 sparsam
1753 4792 1819 4859 scio,

527 4888 632 4948 „atque
657 4880 745 4933 aerari
764 4878 799 4931 de
820 4894 863 4932 mc
886 4878 1095 4947 capcctatiaai,
1129 4879 1163 4931 cic
1190 4880 1300 4948 intepro
1322 4878 1471 4943 restituat,
1503 4877 1594 4934 literis
1619 4883 1715 4929 tamen
1736 4877 1822 4945 prins

527 4980 564 5028 „a
593 4978 636 5015 mc
663 4964 743 5017 tectis
770 4978 805 5016 nc
830 4979 887 5034 prr
915 4964 1028 5033 obliqua
1054 4970 1081 5018 rt
1108 4964 1240 5036 caradigua
1263 4978 1318 5017 sua
1345 4964 1386 5017 sic
1412 4963 1503 5033 inopis
1532 4962 1700 5032 deprimor,
1735 4978 1820 5032 quam

526 5052 673 5112 „serven”
