4367 6084
551 715 622 785 178
743 728 905 779 CCCVIIII.
925 743 1028 779 nnnssn
1043 744 1106 779 nor.
1120 744 1156 779 sn
1169 745 1320 781 nvrrnsvu
1333 747 1376 780 ee.
1390 746 1416 781 o.
1430 741 1464 782 ²5.
1480 747 1562 781 unns.
1580 740 1641 784 152³.

854 949 858 956 ’
1089 980 1318 1058 oocvnn.
1603 923 1755 1051 'em
1772 1007 1829 1051 ιω.

935 1151 1133 1211 ERASMVS
1152 1154 1409 1214 ROTERODAM
1415 1155 1463 1214 VS

968 1254 1163 1337 audentea
1187 1258 1220 1313 H
1226 1258 1381 1315 Verona
1403 1258 1431 1313 S.

493 1407 539 1457 §.n
633 1389 782 1448 ilenricus
800 1388 1069 1465 Eppheadorpius,
1092 1393 1188 1448 nostri
1208 1408 1266 1449 non
1288 1392 1483 1464 instudiosus,
1505 1400 1585 1451 certe
1606 1394 1651 1451 tui
1673 1396 1846 1452 amantissi-

549 1508 627 1563 mus,
649 1490 846 1548 subindicavit
861 1489 938 1547 mihi
959 1496 986 1549 te
1004 1507 1062 1550 non
1085 1494 1158 1550 satis
1172 1495 1267 1551 amico
1285 1494 1314 1549 in
1326 1507 1379 1550 me
1393 1495 1493 1551 animo
1510 1511 1586 1565 esse,
1608 1494 1685 1552 adeo
1699 1501 1740 1552 nt.
1750 1497 1865 1553 nescios

549 1594 623 1666 quid
641 1592 838 1651 mordacioris
860 1593 967 1665 scripti
983 1592 1142 1651 mediteris.
1186 1593 1267 1667 quod
1287 1609 1341 1666 epo
1362 1610 1436 1652 sanc
1457 1611 1490 1653 eo
1511 1596 1608 1668 mapis
1625 1610 1690 1653 sum
1706 1596 1846 1654 admira-

549 1701 609 1766 tus,
631 1693 711 1768 quod
728 1694 765 1750 de
786 1709 849 1752 areo
869 1695 899 1751 in
921 1700 948 1751 te
970 1696 1082 1766 animo,
1105 1711 1189 1767 quem
1211 1696 1354 1754 imotenus
1369 1697 1399 1753 ia
1415 1703 1442 1754 te
1453 1698 1534 1770 pessi
1547 1702 1579 1753 nt
1591 1698 1619 1754 si
1632 1698 1668 1756 iu.
1679 1713 1846 1771 quenquam

549 1797 641 1853 atium
661 1796 908 1862 amantissimum,
931 1794 1007 1854 ailad
1027 1794 1129 1853 adduc
1150 1798 1343 1868 immutarim,
1365 1799 1483 1856 etiamsi
1499 1799 1658 1872 pristinam
1673 1797 1845 1869 familiari-

549 1903 637 1954 tatem
658 1896 740 1956 noais
758 1897 863 1954 invidit
876 1897 920 1954 ad
933 1903 1047 1970 tempus
1057 1896 1204 1968 fortuna:
1225 1914 1280 1956 nec
1296 1898 1477 1974 dedipuatus
1493 1903 1558 1956 sum
1572 1903 1600 1956 te
1614 1899 1744 1972 alloquio
1758 1915 1845 1971 quum

549 1997 598 2056 iric
618 1997 754 2067 adesses,
772 1997 827 2056 sed
847 1997 1067 2055 humanissimis
1085 1998 1181 2056 ambis
1200 2016 1258 2073 per
1279 1999 1547 2074 Epptaenaorptun
1568 2002 1676 2071 ropaoi
1696 2008 1729 2057 ut
1750 2000 1843 2058 absti-
1855 2011 1876 2049 ¹⁰

550 2115 650 2170 neres,
677 2100 705 2155 si
728 2104 841 2157 tanturn
864 2105 939 2157 esset
959 2101 1114 2173 salutatio,
1138 2108 1267 2184 propter
1288 2078 1431 2160 inuidiam
1452 2117 1512 2175 qua
1532 2106 1678 2173 praeatus
1700 2117 1766 2159 sum
1788 2103 1846 2158 ium

495 2216 541 2266 §.u
552 2202 603 2260 dia
625 2218 716 2275 usque
738 2201 782 2258 ad
798 2202 905 2274 eapitis
921 2202 1099 2275 pericnlum.
1145 2201 1229 2271 Ouod
1246 2211 1343 2261 autern
1362 2203 1515 2280 consitium
1532 2206 1575 2259 est
1595 2201 1780 2273 lucrifacere
1796 2203 1845 2259 in-

547 2303 674 2378 uidiam,
697 2318 785 2376 quum
801 2303 876 2360 nituit
890 2298 1127 2379 prasistamico?
1147 2302 1212 2376 Epo
1229 2310 1274 2380 te,
1296 2307 1339 2362 mi
1351 2303 1491 2374 Huttene,
1513 2304 1543 2361 in
1563 2303 1620 2360 toti
1631 2310 1710 2363 stain
1724 2305 1752 2361 si
1762 2302 1846 2374 suis-

548 2421 608 2464 sem
623 2404 786 2474 Halanos,
808 2407 886 2463 ultra
905 2419 1056 2476 ropassem
1074 2404 1248 2475 Erasmum,
1270 2422 1308 2462 ne
1328 2406 1386 2463 sibi
1403 2404 1524 2476 frustra
1547 2410 1715 2462 accerseret
1733 2404 1843 2462 odium.

548 2514 577 2564 et
598 2513 695 2564 tamen
718 2505 861 2563 admonui
882 2504 1162 2579 Eppleendorpium‚
1192 2507 1219 2563 si
1236 2522 1339 2579 posses
1361 2506 1462 2564 coesse
1484 2505 1522 2562 aa
1543 2502 1748 2579 hypocaustos,
1777 2517 1876 2576 quan

550 2623 604 2681 epo
625 2609 707 2673 nullo
726 2613 815 2680 pacto
833 2603 922 2677 serre
940 2622 1079 2680 possum,
1105 2607 1180 2665 mitri
1204 2624 1262 2664 raon
1294 2609 1444 2680 irroratum
1465 2605 1536 2677 sore
1557 2613 1638 2663 tutem
1659 2589 1845 2679 colloquium.

495 2723 540 2773 ns.
551 2702 691 2766 Fortasse
718 2722 777 2764 non
804 2713 873 2765 sunt
900 2722 966 2765 mea
997 2709 1027 2765 iu
1051 2715 1079 2766 te
1099 2706 1204 2778 officia
1232 2726 1300 2782 quoe
1321 2725 1556 2785 concremarem,
1581 2709 1845 2781 cistarensem,

549 2813 679 2883 ineptum
697 2809 736 2865 sit
755 2823 792 2866 ea
814 2823 834 2864 a
853 2823 898 2865 me
925 2812 1167 2867 commemorari:
1197 2810 1253 2869 troc
1273 2825 1391 2883 possum
1413 2827 1482 2869 aere
1499 2810 1671 2884 predicare
1692 2824 1739 2867 me
1765 2817 1845 2865 aete-

549 2913 593 2969 ris
613 2910 818 2968 berreoalentite
841 2925 958 2983 seraper
975 2909 1072 2981 fuisse
1090 2913 1321 2982 tenacissimum,
1347 2927 1553 2985 necunquam
1576 2909 1736 2968 Huttenum
1759 2926 1780 2966 a
1801 2925 1846 2966 mc

549 3014 595 3071 aei
615 3011 692 3070 dicto
713 3013 757 3069 ael
773 3008 859 3082 sacto
876 3010 973 3083 fuisse
996 3013 1117 3086 ltesurn:
1145 3027 1199 3084 epo
1220 3029 1284 3071 sum
1305 3013 1393 3071 liuius
1412 3013 1521 3088 animi,
1536 3016 1581 3098 *ut
1600 3017 1713 3068 tardam
1736 3011 1877 3067 amici-io

550 3115 620 3172 tiam
642 3119 784 3186 quaedam
806 3114 884 3171 inter
905 3128 957 3171 nos
982 3093 1181 3172 conciliarunt
1206 3114 1290 3172 honre
1316 3115 1423 3185 literce,
1453 3115 1504 3172 rie
1530 3114 1619 3170 etiam
1642 3110 1845 3186 parricidium

495 3228 541 3277 §.n
553 3216 695 3274 dirimere
714 3214 827 3273 debeat.
872 3214 948 3272 Sunt
965 3213 1098 3286 sortasse
1116 3217 1169 3286 qui
1188 3222 1214 3273 te
1236 3217 1374 3287 instipent
1392 3216 1422 3271 in
1444 3231 1505 3291 me,
1525 3215 1581 3273 troc
1602 3219 1723 3286 apentes
1744 3217 1778 3269 ut
1798 3219 1845 3269 tuo

550 3321 615 3376 stilo
642 3317 805 3375 abutantur
829 3316 875 3373 ad
897 3318 991 3373 antimi
1018 3317 1067 3373 sui
1092 3318 1291 3374 saturandum
1312 3316 1423 3374 odium.
1471 3314 1555 3384 Orrod
1575 3317 1602 3372 si
1619 3314 1749 3385 seceris,
1771 3312 1847 3371 ittud

549 3422 637 3489 scito,
656 3419 787 3492 primum
805 3416 905 3488 facies
926 3420 956 3474 in
978 3418 1190 3490 immerentem,
1214 3434 1272 3476 non
1294 3419 1370 3475 enim
1392 3417 1491 3475 dicam
1513 3417 1748 3484 benemeritam,
1768 3420 1846 3472 certe

550 3523 580 3579 in
603 3520 656 3578 titre·
674 3519 746 3577 bene
768 3522 925 3586 volentem:
953 3518 1062 3576 deiude
1083 3535 1146 3577 rem
1165 3518 1265 3590 facies
1287 3517 1396 3576 Iacobo
1415 3518 1606 3586 Hoclistroto,
1636 3516 1759 3576 Nicoloo
1779 3515 1878 3587 Ep-rs

550 3622 698 3680 mundano
721 3622 846 3692 aliisque
866 3620 1079 3693 corupluribus,
1110 3636 1182 3693 uuas
1210 3627 1240 3678 tu
1264 3635 1321 3693 pro
1343 3622 1463 3677 summis
1484 3619 1612 3678 nostibus
1632 3601 1731 3693 ducis,
1761 3620 1846 3688 tonpe

549 3724 769 3796 potissimam·
797 3729 936 3779 cancrum
958 3737 1142 3795 summopere
1163 3723 1311 3780 molestum
1332 3720 1475 3779 barcarum
1497 3722 1653 3780 literarum
1674 3717 1844 3793 cultoribus,

496 3824 677 3898 §.aquarum
704 3830 731 3881 te
755 3823 904 3895 profiteris
930 3829 1193 3895 propupnatorcm.
1242 3822 1388 3890 (anamodo
1416 3823 1607 3896 repubescent
1626 3822 1679 3879 itta
1698 3824 1844 3894 portenta,

550 3927 578 3982 si
597 3925 743 3982 senserint
762 3921 938 3992 blattarum,
966 3923 1049 3980 ittam
1070 3925 1115 3980 sic
1136 3924 1310 3979 adamatam
1331 3923 1458 3981 Erasmo
1479 3924 1593 3996 inpenii
1612 3936 1730 3991 aenam,
1764 3922 1844 3978 ittam

551 4026 631 4082 toties
647 4023 847 4096 predicatum
864 4021 1003 4093 bresma,
1025 4025 1123 4080 stilum
1137 4024 1168 4080 in
1184 4023 1343 4082 Erasmum
1365 4021 1533 4097 strinpcre?
1558 4023 1657 4094 Quare
1672 4019 1772 4093 suerit
1790 4021 1887 4078 nocto

552 4125 810 4200 temperamentum,
830 4125 1007 4197 priusquam
1029 4126 1172 4183 tollantur
1194 4128 1297 4199 siprea,
1314 4128 1491 4200 priusquam
1514 4140 1607 4184 runco
1628 4129 1753 4198 crepent
1772 4136 1843 4180 cor-

1093 4251 1259 4270 —.-t...-

553 4309 713 4359 cccvssss.
735 4300 1042 4373 1...3'=1-:rasmisspp.
1063 4308 1131 4372 (Iud.
1146 4309 1212 4358 bibl.
1226 4326 1252 4359 11.
1266 4308 1388 4373 53‚3...5.)
1431 4299 1462 4372 I)
1475 4327 1501 4374 p.
1518 4307 1589 4358 1061.
1604 4325 1643 4372 sq.
1691 4308 1717 4370 2)
1731 4324 1756 4372 p.
1773 4302 1843 4354 ltus.

552 4411 592 4460 sq.
607 4410 695 4447 xxvu.
710 4393 734 4444 3.
782 4392 808 4456 3)
823 4392 884 4443 coll.
899 4391 956 4441 700.
971 4407 1010 4457 sq.
1025 4409 1051 4441 n.
1066 4409 1192 4443 ocnxxu.
1246 4395 1308 4442 4:
1319 4394 1492 4460 Wagcnseil.
1507 4410 1534 4442 n.
1548 4409 1648 4444 nxv111.
1662 4409 1688 4458 p.
1703 4388 1842 4441 3⁶28...s‘sa.

552 4476 1087 4542 5:Hutt.o1ane}1.1v.p.335...337.
1141 4476 1209 4526 O:
1226 4479 1309 4527 Krast
1328 4479 1397 4539 (Inrl.
1412 4478 1479 4527 bibl.
1494 4479 1531 4527 n⁰.
1544 4476 1598 4541 84.)
1617 4494 1643 4542 p.
1659 4475 1762 4525 13...15.
1801 4472 1841 4520 Cf.

956 4562 1127 4611 Burckhnrd.
1142 4562 1178 4610 11.
1192 4579 1217 4625 p.
1231 4561 1290 4610 2⁴8.
1305 4579 1362 4626 sqq.
1376 4561 1434 4610 288.

619 4699 915 4764 ⁴Eppl1en<10rpuso
956 4699 1156 4765 Eppondorpus
1180 4703 1205 4748 5.
1250 4699 1461 4764 Eppcndorpius
1481 4702 1505 4747 6.
1581 4695 1748 4757 inunctam,
1769 4693 1842 4742 M.

551 4784 667 4848 (inepte).
721 4784 977 4848 ⁷quemquam5.ti.
1024 4782 1160 4832 ”Invidet
1178 4787 1204 4833 2.
1252 4784 1274 4816 ¹⁰
1291 4784 1513 4849 Eppendorpium
1533 4785 1557 4831 ὃ.
1605 4779 1626 4812 ¹³
1645 4780 1841 4830 teomist...6.

551 4868 573 4900 ¹⁵
590 4867 813 4932 Eppcnrlorpisrm
831 4871 855 4915 5.
865 4871 889 4916 6.
953 4866 973 4899 ²¹
992 4868 1096 4917 littorae
1116 4871 1142 4917 t.
1162 4876 1187 4917 et
1203 4872 1241 4918 s1’c
1257 4871 1283 4917 in
1300 4885 1357 4934 sqq.
1371 4873 1396 4916 tt
1458 4865 1481 4899 ²⁸
1499 4866 1599 4931 stylo3.
1662 4863 1797 4928 ³⁰stylum
1817 4865 1841 4910 3.

550 4950 570 4983 ⁸¹
592 4953 698 5015 Ipnaut'a
716 4952 829 5028 Enniani
844 4968 931 5002 uersas
946 4956 1090 5015 partiendas
1108 4958 1277 5017 inopportune
1296 4957 1426 5016 expressit
1444 4951 1562 5001 Erasmo.
1598 4950 1642 4998 Cs.
1655 4949 1762 5014 Vergil.
1775 4949 1841 4998 Aen.

551 5036 626 5086 VIII.
641 5036 665 5083 2.
680 5036 727 5085 lx.
746 5035 805 5085 503.
1091 5033 1097 5045 “
