<?xml version="1.0" encoding="UTF-8"?>
<!DOCTYPE html PUBLIC "-//W3C//DTD XHTML 1.0 Transitional//EN"
    "http://www.w3.org/TR/xhtml1/DTD/xhtml1-transitional.dtd">
<html xmlns="http://www.w3.org/1999/xhtml" xml:lang="en" lang="en">
 <head>
  <title>
</title>
<meta http-equiv="Content-Type" content="text/html;charset=utf-8" />
  <meta name='ocr-system' content='tesseract 3.04.00' />
  <meta name='ocr-capabilities' content='ocr_page ocr_carea ocr_par ocr_line ocrx_word'/>
</head>
<body>
  <div class='ocr_page' id='page_1' title='image "./ulrichihuttenie02huttgoog_0309.png"; bbox 0 0 4367 6084; ppageno 0'>
   <div class='ocr_carea' id='block_1_1' title="bbox 530 690 1655 762">
    <p class='ocr_par' dir='ltr' id='par_1_1' title="bbox 530 690 1655 762">
     <span class='ocr_line' id='line_1_1' title="bbox 530 690 1655 762; baseline -0.004 -9"><span class='ocrx_word' id='word_1_1' title='bbox 530 690 604 762; x_wconf 81' lang='lat'><em>288</em></span> <span class='ocrx_word' id='word_1_2' title='bbox 708 703 909 753; x_wconf 81' lang='lat' dir='ltr'><em>cccxxxlll.</em></span> <span class='ocrx_word' id='word_1_3' title='bbox 930 716 1049 751; x_wconf 68' lang='lat' dir='ltr'><em>soonam</em></span> <span class='ocrx_word' id='word_1_4' title='bbox 1062 716 1166 750; x_wconf 71' lang='lat' dir='ltr'><em>anesin</em></span> <span class='ocrx_word' id='word_1_5' title='bbox 1179 715 1322 751; x_wconf 70' lang='lat' dir='ltr'><em>Ans&#39;snsvs</em></span> <span class='ocrx_word' id='word_1_6' title='bbox 1336 717 1508 751; x_wconf 67' lang='lat' dir='ltr'><em>coronemus</em></span> <span class='ocrx_word' id='word_1_7' title='bbox 1522 715 1655 752; x_wconf 68' lang='lat' dir='ltr'><em>aversas.</em></span> 
     </span>
    </p>
   </div>
   <div class='ocr_carea' id='block_1_2' title="bbox 402 867 1856 4894">
    <p class='ocr_par' dir='ltr' id='par_1_2' title="bbox 402 867 1856 4894">
     <span class='ocr_line' id='line_1_2' title="bbox 529 867 1827 945; baseline -0.005 -11"><span class='ocrx_word' id='word_1_8' title='bbox 529 876 645 934; x_wconf 81' lang='lat' dir='ltr'><em>minem.</em></span> <span class='ocrx_word' id='word_1_9' title='bbox 692 872 770 943; x_wconf 78' lang='lat' dir='ltr'><em>Quid</em></span> <span class='ocrx_word' id='word_1_10' title='bbox 788 871 843 928; x_wconf 79' lang='lat' dir='ltr'><em>lioc</em></span> <span class='ocrx_word' id='word_1_11' title='bbox 864 888 942 940; x_wconf 77' lang='lat' dir='ltr'><em>area,</em></span> <span class='ocrx_word' id='word_1_12' title='bbox 964 874 992 929; x_wconf 88' lang='lat' dir='ltr'><em>si</em></span> <span class='ocrx_word' id='word_1_13' title='bbox 1010 875 1107 929; x_wconf 91' lang='lat' dir='ltr'><em>malus</em></span> <span class='ocrx_word' id='word_1_14' title='bbox 1122 867 1188 929; x_wconf 78' lang='lat' dir='ltr'><em>est?</em></span> <span class='ocrx_word' id='word_1_15' title='bbox 1205 888 1259 944; x_wconf 79' lang='lat' dir='ltr'><em>epo</em></span> <span class='ocrx_word' id='word_1_16' title='bbox 1277 889 1335 930; x_wconf 76' lang='lat' dir='ltr'><em>raon</em></span> <span class='ocrx_word' id='word_1_17' title='bbox 1349 873 1522 945; x_wconf 70' lang='lat' dir='ltr'><em>praedicavi</em></span> <span class='ocrx_word' id='word_1_18' title='bbox 1540 872 1663 930; x_wconf 81' lang='lat' dir='ltr'><em>lanum:</em></span> <span class='ocrx_word' id='word_1_19' title='bbox 1682 880 1713 929; x_wconf 89' lang='grc' dir='ltr'><em>ει</em></span> <span class='ocrx_word' id='word_1_20' title='bbox 1731 876 1827 927; x_wconf 90' lang='lat' dir='ltr'><em>tamca</em></span> 
     </span>
     <span class='ocr_line' id='line_1_3' title="bbox 527 972 1828 1064; baseline -0.005 -30"><span class='ocrx_word' id='word_1_21' title='bbox 527 977 603 1034; x_wconf 81' lang='lat' dir='ltr'><em>milti</em></span> <span class='ocrx_word' id='word_1_22' title='bbox 619 976 710 1032; x_wconf 80' lang='lat' dir='ltr'><em>ionas</em></span> <span class='ocrx_word' id='word_1_23' title='bbox 732 979 762 1031; x_wconf 89' lang='lat' dir='ltr'><em>el</em></span> <span class='ocrx_word' id='word_1_24' title='bbox 781 972 948 1064; x_wconf 81' lang='lat' dir='ltr'><em>commodas</em></span> <span class='ocrx_word' id='word_1_25' title='bbox 969 975 1083 1031; x_wconf 90' lang='lat' dir='ltr'><em>amicas</em></span> <span class='ocrx_word' id='word_1_26' title='bbox 1104 980 1185 1043; x_wconf 89' lang='lat' dir='ltr'><em>erat,</em></span> <span class='ocrx_word' id='word_1_27' title='bbox 1209 974 1302 1032; x_wconf 89' lang='lat' dir='ltr'><em>doaec</em></span> <span class='ocrx_word' id='word_1_28' title='bbox 1322 975 1389 1032; x_wconf 81' lang='lat' dir='ltr'><em>ltecc</em></span> <span class='ocrx_word' id='word_1_29' title='bbox 1416 974 1565 1045; x_wconf 81' lang='lat' dir='ltr'><em>trapredia</em></span> <span class='ocrx_word' id='word_1_30' title='bbox 1588 974 1711 1029; x_wconf 73' lang='lat' dir='ltr'><em>vitiaret</em></span> <span class='ocrx_word' id='word_1_31' title='bbox 1730 986 1828 1029; x_wconf 81' lang='lat' dir='ltr'><em>omnes</em></span> 
     </span>
     <span class='ocr_line' id='line_1_4' title="bbox 530 1073 1827 1146; baseline -0.005 -12"><span class='ocrx_word' id='word_1_32' title='bbox 530 1078 685 1134; x_wconf 78' lang='lat' dir='ltr'><em>amicitias.</em></span> <span class='ocrx_word' id='word_1_33' title='bbox 738 1073 806 1132; x_wconf 91' lang='lat' dir='ltr'><em>Iam</em></span> <span class='ocrx_word' id='word_1_34' title='bbox 837 1076 916 1131; x_wconf 90' lang='lat' dir='ltr'><em>male</em></span> <span class='ocrx_word' id='word_1_35' title='bbox 937 1073 1025 1130; x_wconf 81' lang='lat' dir='ltr'><em>nabet</em></span> <span class='ocrx_word' id='word_1_36' title='bbox 1045 1080 1075 1131; x_wconf 91' lang='lat' dir='ltr'><em>et</em></span> <span class='ocrx_word' id='word_1_37' title='bbox 1095 1074 1171 1131; x_wconf 89' lang='lat' dir='ltr'><em>illud</em></span> <span class='ocrx_word' id='word_1_38' title='bbox 1194 1076 1274 1146; x_wconf 81' lang='lat' dir='ltr'><em>quod</em></span> <span class='ocrx_word' id='word_1_39' title='bbox 1295 1075 1417 1132; x_wconf 88' lang='lat' dir='ltr'><em>Ecciam</em></span> <span class='ocrx_word' id='word_1_40' title='bbox 1446 1075 1559 1131; x_wconf 79' lang='lat' dir='ltr'><em>alicuid</em></span> <span class='ocrx_word' id='word_1_41' title='bbox 1584 1075 1719 1141; x_wconf 82' lang='lat' dir='ltr'><em>nomino,</em></span> <span class='ocrx_word' id='word_1_42' title='bbox 1751 1074 1827 1129; x_wconf 84' lang='lat' dir='ltr'><em>citro</em></span> 
     </span>
     <span class='ocr_line' id='line_1_5' title="bbox 427 1174 1827 1249; baseline -0.007 -10"><span class='ocrx_word' id='word_1_43' title='bbox 427 1224 431 1239; x_wconf 82' lang='grc'><em>,</em></span> <span class='ocrx_word' id='word_1_44' title='bbox 472 1186 474 1190; x_wconf 81' lang='grc'>’</span> <span class='ocrx_word' id='word_1_45' title='bbox 529 1179 734 1235; x_wconf 87' lang='lat' dir='ltr'><em>contumeliam</em></span> <span class='ocrx_word' id='word_1_46' title='bbox 753 1178 874 1249; x_wconf 78' lang='lat' dir='ltr'><em>opinor,</em></span> <span class='ocrx_word' id='word_1_47' title='bbox 891 1183 922 1233; x_wconf 88' lang='lat' dir='ltr'><em>el</em></span> <span class='ocrx_word' id='word_1_48' title='bbox 941 1174 1064 1247; x_wconf 80' lang='lat' dir='ltr'><em>affnpit</em></span> <span class='ocrx_word' id='word_1_49' title='bbox 1081 1192 1175 1233; x_wconf 89' lang='lat' dir='ltr'><em>meum</em></span> <span class='ocrx_word' id='word_1_50' title='bbox 1190 1177 1228 1233; x_wconf 88' lang='lat' dir='ltr'><em>de</em></span> <span class='ocrx_word' id='word_1_51' title='bbox 1242 1178 1292 1234; x_wconf 89' lang='lat' dir='ltr'><em>illo</em></span> <span class='ocrx_word' id='word_1_52' title='bbox 1310 1177 1502 1233; x_wconf 85' lang='lat' dir='ltr'><em>testimonium</em></span> <span class='ocrx_word' id='word_1_53' title='bbox 1519 1181 1612 1242; x_wconf 83' lang='lat' dir='ltr'><em>cetus,</em></span> <span class='ocrx_word' id='word_1_54' title='bbox 1637 1177 1729 1246; x_wconf 77' lang='lat' dir='ltr'><em>aetate</em></span> <span class='ocrx_word' id='word_1_55' title='bbox 1744 1189 1827 1231; x_wconf 84' lang='lat' dir='ltr'><em>com-</em></span> 
     </span>
     <span class='ocr_line' id='line_1_6' title="bbox 462 1275 1845 1351; baseline -0.004 -14"><span class='ocrx_word' id='word_1_56' title='bbox 462 1279 657 1337; x_wconf 73' lang='lat' dir='ltr'><em>§.asinodam</em></span> <span class='ocrx_word' id='word_1_57' title='bbox 677 1284 722 1335; x_wconf 98' lang='grc' dir='ltr'><em>εει</em></span> <span class='ocrx_word' id='word_1_58' title='bbox 742 1279 812 1351; x_wconf 84' lang='lat' dir='ltr'><em>ipsi,</em></span> <span class='ocrx_word' id='word_1_59' title='bbox 834 1291 892 1334; x_wconf 89' lang='lat' dir='ltr'><em>noa</em></span> <span class='ocrx_word' id='word_1_60' title='bbox 914 1279 1001 1347; x_wconf 76' lang='lat' dir='ltr'><em>quale</em></span> <span class='ocrx_word' id='word_1_61' title='bbox 1023 1293 1042 1332; x_wconf 92' lang='lat' dir='ltr'><em>a</em></span> <span class='ocrx_word' id='word_1_62' title='bbox 1064 1293 1110 1333; x_wconf 91' lang='lat' dir='ltr'><em>me</em></span> <span class='ocrx_word' id='word_1_63' title='bbox 1129 1277 1282 1348; x_wconf 89' lang='lat' dir='ltr'><em>proditum</em></span> <span class='ocrx_word' id='word_1_64' title='bbox 1305 1284 1356 1334; x_wconf 92' lang='lat' dir='ltr'><em>est.</em></span> <span class='ocrx_word' id='word_1_65' title='bbox 1401 1276 1462 1332; x_wconf 87' lang='lat' dir='ltr'><em>Sed</em></span> <span class='ocrx_word' id='word_1_66' title='bbox 1481 1276 1712 1344; x_wconf 59' lang='lat' dir='ltr'><em>inamabilius,</em></span> <span class='ocrx_word' id='word_1_67' title='bbox 1746 1275 1845 1346; x_wconf 68' lang='lat' dir='ltr'><em>quous</em></span> 
     </span>
     <span class='ocr_line' id='line_1_7' title="bbox 402 1377 1828 1452; baseline -0.005 -15"><span class='ocrx_word' id='word_1_68' title='bbox 402 1414 419 1445; x_wconf 66' lang='lat'>0</span> <span class='ocrx_word' id='word_1_69' title='bbox 530 1383 559 1437; x_wconf 87' lang='lat' dir='ltr'><em>in</em></span> <span class='ocrx_word' id='word_1_70' title='bbox 578 1380 710 1452; x_wconf 86' lang='lat' dir='ltr'><em>epistolis</em></span> <span class='ocrx_word' id='word_1_71' title='bbox 730 1378 875 1435; x_wconf 88' lang='lat' dir='ltr'><em>laudatur</em></span> <span class='ocrx_word' id='word_1_72' title='bbox 895 1377 1024 1434; x_wconf 85' lang='lat' dir='ltr'><em>loannes</em></span> <span class='ocrx_word' id='word_1_73' title='bbox 1046 1378 1146 1435; x_wconf 80' lang='lat' dir='ltr'><em>Faber</em></span> <span class='ocrx_word' id='word_1_74' title='bbox 1165 1378 1280 1435; x_wconf 79' lang='lat' dir='ltr'><em>ordinis</em></span> <span class='ocrx_word' id='word_1_75' title='bbox 1304 1377 1521 1451; x_wconf 72' lang='lat' dir='ltr'><em>praedicatorii.</em></span> <span class='ocrx_word' id='word_1_76' title='bbox 1565 1378 1591 1432; x_wconf 87' lang='lat' dir='ltr'><em>is</em></span> <span class='ocrx_word' id='word_1_77' title='bbox 1619 1377 1720 1447; x_wconf 77' lang='lat' dir='ltr'><em>qualis</em></span> <span class='ocrx_word' id='word_1_78' title='bbox 1747 1391 1828 1432; x_wconf 81' lang='lat' dir='ltr'><em>riaac</em></span> 
     </span>
     <span class='ocr_line' id='line_1_8' title="bbox 529 1476 1825 1552; baseline -0.005 -14"><span class='ocrx_word' id='word_1_79' title='bbox 529 1482 568 1538; x_wconf 88' lang='lat' dir='ltr'><em>sit</em></span> <span class='ocrx_word' id='word_1_80' title='bbox 585 1482 700 1545; x_wconf 80' lang='lat' dir='ltr'><em>nescio:</em></span> <span class='ocrx_word' id='word_1_81' title='bbox 718 1487 798 1537; x_wconf 87' lang='lat' dir='ltr'><em>certe</em></span> <span class='ocrx_word' id='word_1_82' title='bbox 816 1479 890 1536; x_wconf 85' lang='lat' dir='ltr'><em>milti</em></span> <span class='ocrx_word' id='word_1_83' title='bbox 906 1476 1032 1535; x_wconf 69' lang='lat' dir='ltr'><em>Larraaii</em></span> <span class='ocrx_word' id='word_1_84' title='bbox 1043 1481 1208 1552; x_wconf 78' lang='lat' dir='ltr'><em>persuasit,</em></span> <span class='ocrx_word' id='word_1_85' title='bbox 1230 1478 1310 1551; x_wconf 83' lang='lat' dir='ltr'><em>qaod</em></span> <span class='ocrx_word' id='word_1_86' title='bbox 1329 1479 1493 1535; x_wconf 88' lang='lat' dir='ltr'><em>institueret</em></span> <span class='ocrx_word' id='word_1_87' title='bbox 1512 1476 1655 1547; x_wconf 80' lang='lat' dir='ltr'><em>Aupusta</em></span> <span class='ocrx_word' id='word_1_88' title='bbox 1669 1478 1825 1546; x_wconf 83' lang='lat' dir='ltr'><em>collepium</em></span> 
     </span>
     <span class='ocr_line' id='line_1_9' title="bbox 528 1560 1826 1652; baseline -0.006 -14"><span class='ocrx_word' id='word_1_89' title='bbox 528 1581 685 1639; x_wconf 78' lang='lat' dir='ltr'><em>tradendis</em></span> <span class='ocrx_word' id='word_1_90' title='bbox 704 1582 815 1652; x_wconf 81' lang='lat' dir='ltr'><em>liapuis</em></span> <span class='ocrx_word' id='word_1_91' title='bbox 836 1597 874 1636; x_wconf 91' lang='lat' dir='ltr'><em>oc</em></span> <span class='ocrx_word' id='word_1_92' title='bbox 895 1580 975 1637; x_wconf 76' lang='lat' dir='ltr'><em>loreis</em></span> <span class='ocrx_word' id='word_1_93' title='bbox 997 1582 1109 1646; x_wconf 87' lang='lat' dir='ltr'><em>liler·is‚·</em></span> <span class='ocrx_word' id='word_1_94' title='bbox 1139 1580 1265 1637; x_wconf 81' lang='lat' dir='ltr'><em>ostendit</em></span> <span class='ocrx_word' id='word_1_95' title='bbox 1285 1579 1416 1651; x_wconf 78' lang='lat' dir='ltr'><em>diploma</em></span> <span class='ocrx_word' id='word_1_96' title='bbox 1442 1560 1573 1637; x_wconf 73' lang='lat' dir='ltr'><em>Caesaris</em></span> <span class='ocrx_word' id='word_1_97' title='bbox 1598 1576 1826 1639; x_wconf 76' lang='lat' dir='ltr'><em>Maximilioai:</em></span> 
     </span>
     <span class='ocr_line' id='line_1_10' title="bbox 528 1676 1825 1756; baseline -0.005 -17"><span class='ocrx_word' id='word_1_98' title='bbox 528 1683 565 1740; x_wconf 84' lang='lat' dir='ltr'><em>de</em></span> <span class='ocrx_word' id='word_1_99' title='bbox 586 1682 765 1756; x_wconf 75' lang='lat' dir='ltr'><em>capitalibus</em></span> <span class='ocrx_word' id='word_1_100' title='bbox 788 1681 963 1753; x_wconf 81' lang='lat' dir='ltr'><em>quibusdam</em></span> <span class='ocrx_word' id='word_1_101' title='bbox 985 1683 1111 1740; x_wconf 88' lang='lat' dir='ltr'><em>inimicis</em></span> <span class='ocrx_word' id='word_1_102' title='bbox 1135 1680 1261 1739; x_wconf 80' lang='lat' dir='ltr'><em>Latlieri</em></span> <span class='ocrx_word' id='word_1_103' title='bbox 1289 1689 1376 1751; x_wconf 81' lang='lat' dir='ltr'><em>ntpue</em></span> <span class='ocrx_word' id='word_1_104' title='bbox 1407 1678 1445 1736; x_wconf 88' lang='lat' dir='ltr'><em>de</em></span> <span class='ocrx_word' id='word_1_105' title='bbox 1478 1679 1545 1751; x_wconf 89' lang='lat' dir='ltr'><em>ipsa</em></span> <span class='ocrx_word' id='word_1_106' title='bbox 1572 1676 1712 1734; x_wconf 80' lang='lat' dir='ltr'><em>Romana</em></span> <span class='ocrx_word' id='word_1_107' title='bbox 1737 1678 1825 1734; x_wconf 87' lang='lat' dir='ltr'><em>curia</em></span> 
     </span>
     <span class='ocr_line' id='line_1_11' title="bbox 522 1780 1856 1857; baseline -0.01 -15"><span class='ocrx_word' id='word_1_108' title='bbox 522 1787 683 1857; x_wconf 66' lang='lat' dir='ltr'><em>plusquam</em></span> <span class='ocrx_word' id='word_1_109' title='bbox 705 1783 849 1841; x_wconf 82' lang='lat' dir='ltr'><em>ltostiliter</em></span> <span class='ocrx_word' id='word_1_110' title='bbox 869 1782 1060 1853; x_wconf 76' lang='lat' dir='ltr'><em>loquebatur:</em></span> <span class='ocrx_word' id='word_1_111' title='bbox 1091 1781 1249 1840; x_wconf 81' lang='lat' dir='ltr'><em>arridebat</em></span> <span class='ocrx_word' id='word_1_112' title='bbox 1272 1795 1386 1838; x_wconf 88' lang='lat' dir='ltr'><em>moram</em></span> <span class='ocrx_word' id='word_1_113' title='bbox 1412 1780 1616 1846; x_wconf 87' lang='lat' dir='ltr'><em>commoditas,</em></span> <span class='ocrx_word' id='word_1_114' title='bbox 1647 1785 1678 1835; x_wconf 91' lang='lat' dir='ltr'><em>cl</em></span> <span class='ocrx_word' id='word_1_115' title='bbox 1705 1780 1736 1835; x_wconf 91' lang='lat' dir='ltr'><em>iu</em></span> <span class='ocrx_word' id='word_1_116' title='bbox 1768 1794 1856 1835; x_wconf 76' lang='lat' dir='ltr'><em>suaso</em></span> 
     </span>
     <span class='ocr_line' id='line_1_12' title="bbox 527 1880 1824 1957; baseline -0.008 -14"><span class='ocrx_word' id='word_1_117' title='bbox 527 1886 671 1957; x_wconf 79' lang='lat' dir='ltr'><em>tneolopia</em></span> <span class='ocrx_word' id='word_1_118' title='bbox 693 1885 847 1942; x_wconf 81' lang='lat' dir='ltr'><em>uidebatur</em></span> <span class='ocrx_word' id='word_1_119' title='bbox 868 1899 924 1941; x_wconf 89' lang='lat' dir='ltr'><em>aon</em></span> <span class='ocrx_word' id='word_1_120' title='bbox 949 1885 1113 1955; x_wconf 81' lang='lat' dir='ltr'><em>vulparitcr</em></span> <span class='ocrx_word' id='word_1_121' title='bbox 1134 1882 1278 1940; x_wconf 85' lang='lat' dir='ltr'><em>eruditus.</em></span> <span class='ocrx_word' id='word_1_122' title='bbox 1323 1880 1368 1937; x_wconf 83' lang='lat' dir='ltr'><em>liis</em></span> <span class='ocrx_word' id='word_1_123' title='bbox 1390 1881 1477 1938; x_wconf 74' lang='lat' dir='ltr'><em>relius</em></span> <span class='ocrx_word' id='word_1_124' title='bbox 1496 1881 1622 1938; x_wconf 79' lang='lat' dir='ltr'><em>catarsit</em></span> <span class='ocrx_word' id='word_1_125' title='bbox 1642 1895 1662 1934; x_wconf 93' lang='lat' dir='ltr'><em>a</em></span> <span class='ocrx_word' id='word_1_126' title='bbox 1677 1895 1726 1934; x_wconf 90' lang='lat' dir='ltr'><em>me</em></span> <span class='ocrx_word' id='word_1_127' title='bbox 1740 1894 1824 1935; x_wconf 89' lang='lat' dir='ltr'><em>com-</em></span> 
     </span>
     <span class='ocr_line' id='line_1_13' title="bbox 493 1979 1825 2068; baseline -0.007 -24"><span class='ocrx_word' id='word_1_128' title='bbox 493 2059 498 2068; x_wconf 28' lang='lat'><strong>·</strong></span> <span class='ocrx_word' id='word_1_129' title='bbox 527 1987 728 2044; x_wconf 82' lang='lat' dir='ltr'><em>mandationes</em></span> <span class='ocrx_word' id='word_1_130' title='bbox 750 1986 870 2058; x_wconf 74' lang='lat' dir='ltr'><em>aliquot.</em></span> <span class='ocrx_word' id='word_1_131' title='bbox 909 1987 979 2057; x_wconf 80' lang='lat' dir='ltr'><em>quin</em></span> <span class='ocrx_word' id='word_1_132' title='bbox 1001 1990 1030 2041; x_wconf 92' lang='lat' dir='ltr'><em>et</em></span> <span class='ocrx_word' id='word_1_133' title='bbox 1048 1982 1190 2052; x_wconf 72' lang='lat' dir='ltr'><em>Coloniae,</em></span> <span class='ocrx_word' id='word_1_134' title='bbox 1212 1999 1278 2041; x_wconf 91' lang='lat' dir='ltr'><em>cam</em></span> <span class='ocrx_word' id='word_1_135' title='bbox 1301 1984 1362 2039; x_wconf 84' lang='lat' dir='ltr'><em>illic</em></span> <span class='ocrx_word' id='word_1_136' title='bbox 1383 1990 1458 2039; x_wconf 85' lang='lat' dir='ltr'><em>esset</em></span> <span class='ocrx_word' id='word_1_137' title='bbox 1477 1982 1596 2049; x_wconf 72' lang='lat' dir='ltr'><em>t&#39;eesar,</em></span> <span class='ocrx_word' id='word_1_138' title='bbox 1626 1979 1745 2038; x_wconf 82' lang='lat' dir='ltr'><em>colebat</em></span> <span class='ocrx_word' id='word_1_139' title='bbox 1764 1994 1825 2041; x_wconf 80' lang='lat' dir='ltr'><em>nos.</em></span> 
     </span>
     <span class='ocr_line' id='line_1_14' title="bbox 528 2080 1827 2158; baseline -0.008 -12"><span class='ocrx_word' id='word_1_140' title='bbox 528 2097 557 2146; x_wconf 92' lang='lat' dir='ltr'><em>et</em></span> <span class='ocrx_word' id='word_1_141' title='bbox 570 2088 608 2146; x_wconf 88' lang='lat' dir='ltr'><em>de</em></span> <span class='ocrx_word' id='word_1_142' title='bbox 621 2087 750 2145; x_wconf 83' lang='lat' dir='ltr'><em>Lulliero</em></span> <span class='ocrx_word' id='word_1_143' title='bbox 765 2087 886 2158; x_wconf 83' lang='lat' dir='ltr'><em>reliquit</em></span> <span class='ocrx_word' id='word_1_144' title='bbox 900 2085 1097 2158; x_wconf 75' lang='lat' dir='ltr'><em>oequissimum</em></span> <span class='ocrx_word' id='word_1_145' title='bbox 1114 2083 1256 2141; x_wconf 90' lang='lat' dir='ltr'><em>iudicium</em></span> <span class='ocrx_word' id='word_1_146' title='bbox 1271 2099 1326 2140; x_wconf 91' lang='lat' dir='ltr'><em>sun</em></span> <span class='ocrx_word' id='word_1_147' title='bbox 1345 2099 1435 2139; x_wconf 92' lang='lat' dir='ltr'><em>manu</em></span> <span class='ocrx_word' id='word_1_148' title='bbox 1455 2082 1636 2154; x_wconf 88' lang='lat' dir='ltr'><em>descriptam</em></span> <span class='ocrx_word' id='word_1_149' title='bbox 1658 2087 1719 2137; x_wconf 90' lang='lat' dir='ltr'><em>lum</em></span> <span class='ocrx_word' id='word_1_150' title='bbox 1739 2080 1827 2153; x_wconf 89' lang='lat' dir='ltr'><em>opud</em></span> 
     </span>
     <span class='ocr_line' id='line_1_15' title="bbox 460 2182 1827 2259; baseline -0.007 -11"><span class='ocrx_word' id='word_1_151' title='bbox 460 2199 527 2248; x_wconf 75' lang='lat' dir='ltr'><em>§.aa</em></span> <span class='ocrx_word' id='word_1_152' title='bbox 539 2190 725 2246; x_wconf 83' lang='lat' dir='ltr'><em>cardinalem</em></span> <span class='ocrx_word' id='word_1_153' title='bbox 744 2187 964 2259; x_wconf 82' lang='lat' dir='ltr'><em>Mopaatinum,</em></span> <span class='ocrx_word' id='word_1_154' title='bbox 992 2194 1051 2243; x_wconf 91' lang='lat' dir='ltr'><em>tum</em></span> <span class='ocrx_word' id='word_1_155' title='bbox 1074 2184 1159 2257; x_wconf 90' lang='lat' dir='ltr'><em>apud</em></span> <span class='ocrx_word' id='word_1_156' title='bbox 1178 2201 1233 2242; x_wconf 88' lang='lat' dir='ltr'><em>me.</em></span> <span class='ocrx_word' id='word_1_157' title='bbox 1274 2183 1353 2253; x_wconf 74' lang='lat' dir='ltr'><em>(laid</em></span> <span class='ocrx_word' id='word_1_158' title='bbox 1372 2182 1420 2240; x_wconf 84' lang='lat' dir='ltr'><em>leic</em></span> <span class='ocrx_word' id='word_1_159' title='bbox 1443 2183 1530 2240; x_wconf 77' lang='lat' dir='ltr'><em>(eliud</em></span> <span class='ocrx_word' id='word_1_160' title='bbox 1549 2183 1711 2239; x_wconf 87' lang='lat' dir='ltr'><em>criminari</em></span> <span class='ocrx_word' id='word_1_161' title='bbox 1729 2189 1827 2255; x_wconf 87' lang='lat' dir='ltr'><em>potest</em></span> 
     </span>
     <span class='ocr_line' id='line_1_16' title="bbox 527 2279 1856 2360; baseline -0.01 -12"><span class='ocrx_word' id='word_1_162' title='bbox 527 2291 674 2350; x_wconf 88' lang='lat' dir='ltr'><em>Huttenas</em></span> <span class='ocrx_word' id='word_1_163' title='bbox 697 2291 727 2346; x_wconf 93' lang='lat' dir='ltr'><em>in</em></span> <span class='ocrx_word' id='word_1_164' title='bbox 754 2305 800 2346; x_wconf 81' lang='lat' dir='ltr'><em>nte</em></span> <span class='ocrx_word' id='word_1_165' title='bbox 830 2291 889 2346; x_wconf 87' lang='lat' dir='ltr'><em>nisi</em></span> <span class='ocrx_word' id='word_1_166' title='bbox 908 2289 1124 2360; x_wconf 88' lang='lat' dir='ltr'><em>simplicitatem</em></span> <span class='ocrx_word' id='word_1_167' title='bbox 1147 2291 1177 2343; x_wconf 87' lang='lat' dir='ltr'><em>et</em></span> <span class='ocrx_word' id='word_1_168' title='bbox 1197 2285 1356 2343; x_wconf 85' lang='lat' dir='ltr'><em>candorem</em></span> <span class='ocrx_word' id='word_1_169' title='bbox 1379 2279 1494 2341; x_wconf 82' lang='lat' dir='ltr'><em>animi?</em></span> <span class='ocrx_word' id='word_1_170' title='bbox 1523 2285 1551 2340; x_wconf 90' lang='lat' dir='ltr'><em>si</em></span> <span class='ocrx_word' id='word_1_171' title='bbox 1571 2285 1640 2340; x_wconf 89' lang='lat' dir='ltr'><em>talis</em></span> <span class='ocrx_word' id='word_1_172' title='bbox 1662 2290 1707 2340; x_wconf 90' lang='lat' dir='ltr'><em>est</em></span> <span class='ocrx_word' id='word_1_173' title='bbox 1733 2299 1822 2352; x_wconf 72' lang='lat' dir='ltr'><em>aluric,</em></span> <span class='ocrx_word' id='word_1_174' title='bbox 1835 2301 1856 2337; x_wconf 73' lang='lat' dir='ltr'><em>n</em></span> 
     </span>
     <span class='ocr_line' id='line_1_17' title="bbox 527 2384 1827 2465; baseline -0.009 -13"><span class='ocrx_word' id='word_1_175' title='bbox 527 2395 642 2465; x_wconf 74' lang='lat' dir='ltr'><em>qualem</em></span> <span class='ocrx_word' id='word_1_176' title='bbox 663 2393 713 2450; x_wconf 91' lang='lat' dir='ltr'><em>ille</em></span> <span class='ocrx_word' id='word_1_177' title='bbox 729 2391 894 2464; x_wconf 76' lang='lat' dir='ltr'><em>praelicat,</em></span> <span class='ocrx_word' id='word_1_178' title='bbox 915 2404 969 2459; x_wconf 81' lang='lat' dir='ltr'><em>epo</em></span> <span class='ocrx_word' id='word_1_179' title='bbox 993 2394 1106 2445; x_wconf 89' lang='lat' dir='ltr'><em>tantam</em></span> <span class='ocrx_word' id='word_1_180' title='bbox 1128 2384 1285 2456; x_wconf 79' lang='lat' dir='ltr'><em>vafriciem</em></span> <span class='ocrx_word' id='word_1_181' title='bbox 1307 2387 1345 2442; x_wconf 88' lang='lat' dir='ltr'><em>de</em></span> <span class='ocrx_word' id='word_1_182' title='bbox 1366 2385 1481 2442; x_wconf 80' lang='lat' dir='ltr'><em>nomiae</em></span> <span class='ocrx_word' id='word_1_183' title='bbox 1502 2385 1650 2442; x_wconf 84' lang='lat' dir='ltr'><em>Germano</em></span> <span class='ocrx_word' id='word_1_184' title='bbox 1672 2386 1827 2457; x_wconf 80' lang='lat' dir='ltr'><em>suspicari</em></span> 
     </span>
     <span class='ocr_line' id='line_1_18' title="bbox 527 2485 1822 2566; baseline -0.007 -15"><span class='ocrx_word' id='word_1_185' title='bbox 527 2510 584 2552; x_wconf 90' lang='lat' dir='ltr'><em>aon</em></span> <span class='ocrx_word' id='word_1_186' title='bbox 605 2494 706 2566; x_wconf 79' lang='lat' dir='ltr'><em>potui,·</em></span> <span class='ocrx_word' id='word_1_187' title='bbox 739 2508 794 2549; x_wconf 89' lang='lat' dir='ltr'><em>nec</em></span> <span class='ocrx_word' id='word_1_188' title='bbox 814 2505 909 2548; x_wconf 91' lang='lat' dir='ltr'><em>meum</em></span> <span class='ocrx_word' id='word_1_189' title='bbox 930 2495 998 2547; x_wconf 85' lang='lat' dir='ltr'><em>erat</em></span> <span class='ocrx_word' id='word_1_190' title='bbox 1020 2498 1170 2562; x_wconf 72' lang='lat' dir='ltr'><em>proestare</em></span> <span class='ocrx_word' id='word_1_191' title='bbox 1197 2489 1294 2559; x_wconf 80' lang='lat' dir='ltr'><em>qualis</em></span> <span class='ocrx_word' id='word_1_192' title='bbox 1321 2488 1370 2543; x_wconf 88' lang='lat' dir='ltr'><em>ille</em></span> <span class='ocrx_word' id='word_1_193' title='bbox 1394 2493 1462 2559; x_wconf 86' lang='lat' dir='ltr'><em>post</em></span> <span class='ocrx_word' id='word_1_194' title='bbox 1485 2485 1612 2557; x_wconf 86' lang='lat' dir='ltr'><em>futurus</em></span> <span class='ocrx_word' id='word_1_195' title='bbox 1640 2492 1730 2555; x_wconf 83' lang='lat' dir='ltr'><em>esset,</em></span> <span class='ocrx_word' id='word_1_196' title='bbox 1766 2503 1822 2543; x_wconf 89' lang='lat' dir='ltr'><em>aon</em></span> 
     </span>
     <span class='ocr_line' id='line_1_19' title="bbox 526 2588 1823 2665; baseline -0.005 -15"><span class='ocrx_word' id='word_1_197' title='bbox 526 2596 622 2664; x_wconf 83' lang='lat' dir='ltr'><em>mapis</em></span> <span class='ocrx_word' id='word_1_198' title='bbox 642 2591 791 2665; x_wconf 90' lang='lat' dir='ltr'><em>profecto,</em></span> <span class='ocrx_word' id='word_1_199' title='bbox 814 2605 902 2663; x_wconf 77' lang='lat' dir='ltr'><em>actam</em></span> <span class='ocrx_word' id='word_1_200' title='bbox 924 2588 1047 2660; x_wconf 86' lang='lat' dir='ltr'><em>efficere</em></span> <span class='ocrx_word' id='word_1_201' title='bbox 1064 2590 1161 2662; x_wconf 86' lang='lat' dir='ltr'><em>potui,</em></span> <span class='ocrx_word' id='word_1_202' title='bbox 1186 2605 1224 2647; x_wconf 92' lang='lat' dir='ltr'><em>ae</em></span> <span class='ocrx_word' id='word_1_203' title='bbox 1243 2589 1391 2647; x_wconf 85' lang='lat' dir='ltr'><em>Huttcnus</em></span> <span class='ocrx_word' id='word_1_204' title='bbox 1410 2589 1484 2645; x_wconf 83' lang='lat' dir='ltr'><em>milei</em></span> <span class='ocrx_word' id='word_1_205' title='bbox 1501 2590 1544 2645; x_wconf 88' lang='lat' dir='ltr'><em>sic</em></span> <span class='ocrx_word' id='word_1_206' title='bbox 1565 2588 1709 2645; x_wconf 81' lang='lat' dir='ltr'><em>loredatus</em></span> <span class='ocrx_word' id='word_1_207' title='bbox 1733 2595 1823 2644; x_wconf 88' lang='lat' dir='ltr'><em>ante-</em></span> 
     </span>
     <span class='ocr_line' id='line_1_20' title="bbox 457 2684 1824 2762; baseline -0.007 -8"><span class='ocrx_word' id='word_1_208' title='bbox 457 2745 467 2754; x_wconf 90' lang='lat'><strong>.</strong></span> <span class='ocrx_word' id='word_1_209' title='bbox 527 2695 600 2762; x_wconf 81' lang='lat' dir='ltr'><em>lioc,</em></span> <span class='ocrx_word' id='word_1_210' title='bbox 632 2699 661 2749; x_wconf 90' lang='lat' dir='ltr'><em>et</em></span> <span class='ocrx_word' id='word_1_211' title='bbox 679 2692 821 2749; x_wconf 89' lang='lat' dir='ltr'><em>laudatus</em></span> <span class='ocrx_word' id='word_1_212' title='bbox 841 2707 882 2747; x_wconf 80' lang='lat' dir='ltr'><em>ex</em></span> <span class='ocrx_word' id='word_1_213' title='bbox 900 2693 1013 2760; x_wconf 74' lang='lat' dir='ltr'><em>alcimo,</em></span> <span class='ocrx_word' id='word_1_214' title='bbox 1048 2692 1116 2747; x_wconf 86' lang='lat' dir='ltr'><em>talis</em></span> <span class='ocrx_word' id='word_1_215' title='bbox 1137 2689 1290 2760; x_wconf 79' lang='lat' dir='ltr'><em>euaderet,</em></span> <span class='ocrx_word' id='word_1_216' title='bbox 1323 2692 1440 2761; x_wconf 83' lang='lat' dir='ltr'><em>qualem</em></span> <span class='ocrx_word' id='word_1_217' title='bbox 1467 2706 1499 2746; x_wconf 85' lang='lat' dir='ltr'><em>se</em></span> <span class='ocrx_word' id='word_1_218' title='bbox 1520 2689 1660 2746; x_wconf 87' lang='lat' dir='ltr'><em>declarat</em></span> <span class='ocrx_word' id='word_1_219' title='bbox 1681 2684 1745 2746; x_wconf 76' lang='lat' dir='ltr'><em>*in</em></span> <span class='ocrx_word' id='word_1_220' title='bbox 1769 2688 1824 2745; x_wconf 82' lang='lat' dir='ltr'><em>lioc</em></span> 
     </span>
     <span class='ocr_line' id='line_1_21' title="bbox 458 2789 1855 2865; baseline -0.002 -18"><span class='ocrx_word' id='word_1_221' title='bbox 458 2792 826 2865; x_wconf 67' lang='lat' dir='ltr'><em>§.1u.tioetlo,&#39;quiuattl</em></span> <span class='ocrx_word' id='word_1_222' title='bbox 847 2790 920 2848; x_wconf 78' lang='lat' dir='ltr'><em>lona</em></span> <span class='ocrx_word' id='word_1_223' title='bbox 949 2807 1005 2848; x_wconf 79' lang='lat' dir='ltr'><em>aaa</em></span> <span class='ocrx_word' id='word_1_224' title='bbox 1035 2791 1178 2863; x_wconf 88' lang='lat' dir='ltr'><em>displicet.</em></span> <span class='ocrx_word' id='word_1_225' title='bbox 1225 2790 1369 2848; x_wconf 73' lang='lat' dir='ltr'><em>Craterum</em></span> <span class='ocrx_word' id='word_1_226' title='bbox 1397 2806 1464 2849; x_wconf 90' lang='lat' dir='ltr'><em>cum</em></span> <span class='ocrx_word' id='word_1_227' title='bbox 1491 2789 1607 2847; x_wconf 88' lang='lat' dir='ltr'><em>Ioanne</em></span> <span class='ocrx_word' id='word_1_228' title='bbox 1634 2791 1737 2848; x_wconf 75' lang='lat' dir='ltr'><em>Falero</em></span> <span class='ocrx_word' id='word_1_229' title='bbox 1765 2806 1855 2847; x_wconf 73' lang='grc' dir='ltr'><em>εει-εει</em></span> 
     </span>
     <span class='ocr_line' id='line_1_22' title="bbox 525 2876 1824 2964; baseline -0.004 -13"><span class='ocrx_word' id='word_1_230' title='bbox 525 2897 629 2952; x_wconf 75' lang='lat' dir='ltr'><em>ironico</em></span> <span class='ocrx_word' id='word_1_231' title='bbox 649 2893 865 2950; x_wconf 86' lang='lat' dir='ltr'><em>Constantieasi</em></span> <span class='ocrx_word' id='word_1_232' title='bbox 889 2892 962 2949; x_wconf 79' lang='lat' dir='ltr'><em>milei</em></span> <span class='ocrx_word' id='word_1_233' title='bbox 988 2876 1152 2948; x_wconf 82' lang='lat' dir='ltr'><em>intercessit</em></span> <span class='ocrx_word' id='word_1_234' title='bbox 1178 2892 1309 2948; x_wconf 87' lang='lat' dir='ltr'><em>amicitia</em></span> <span class='ocrx_word' id='word_1_235' title='bbox 1336 2894 1512 2964; x_wconf 80' lang='lat' dir='ltr'><em>priusquam</em></span> <span class='ocrx_word' id='word_1_236' title='bbox 1534 2891 1697 2949; x_wconf 74' lang='lat' dir='ltr'><em>luliarum</em></span> <span class='ocrx_word' id='word_1_237' title='bbox 1727 2898 1824 2948; x_wconf 85' lang='lat' dir='ltr'><em>nosset</em></span> 
     </span>
     <span class='ocr_line' id='line_1_23' title="bbox 525 2992 1820 3066; baseline -0.004 -14"><span class='ocrx_word' id='word_1_238' title='bbox 525 2994 611 3052; x_wconf 81' lang='lat' dir='ltr'><em>orbis.</em></span> <span class='ocrx_word' id='word_1_239' title='bbox 655 2993 735 3066; x_wconf 81' lang='lat' dir='ltr'><em>qaod</em></span> <span class='ocrx_word' id='word_1_240' title='bbox 752 2995 780 3050; x_wconf 88' lang='lat' dir='ltr'><em>si</em></span> <span class='ocrx_word' id='word_1_241' title='bbox 797 2995 880 3051; x_wconf 86' lang='lat' dir='ltr'><em>aelim</em></span> <span class='ocrx_word' id='word_1_242' title='bbox 900 2993 1032 3050; x_wconf 84' lang='lat' dir='ltr'><em>omnious</em></span> <span class='ocrx_word' id='word_1_243' title='bbox 1059 2994 1243 3050; x_wconf 87' lang='lat' dir='ltr'><em>renunciare</em></span> <span class='ocrx_word' id='word_1_244' title='bbox 1270 2995 1430 3051; x_wconf 84' lang='lat' dir='ltr'><em>amicitiam</em></span> <span class='ocrx_word' id='word_1_245' title='bbox 1458 2995 1511 3065; x_wconf 80' lang='lat' dir='ltr'><em>pul</em></span> <span class='ocrx_word' id='word_1_246' title='bbox 1533 2993 1737 3050; x_wconf 79' lang='lat' dir='ltr'><em>adversantur</em></span> <span class='ocrx_word' id='word_1_247' title='bbox 1756 2992 1820 3051; x_wconf 86' lang='lat' dir='ltr'><em>Lu-</em></span> 
     </span>
     <span class='ocr_line' id='line_1_24' title="bbox 525 3091 1820 3167; baseline -0.001 -14"><span class='ocrx_word' id='word_1_248' title='bbox 525 3096 622 3163; x_wconf 87' lang='lat' dir='ltr'><em>tltero,</em></span> <span class='ocrx_word' id='word_1_249' title='bbox 655 3098 706 3152; x_wconf 77' lang='lat' dir='ltr'><em>ain</em></span> <span class='ocrx_word' id='word_1_250' title='bbox 728 3095 913 3163; x_wconf 81' lang='lat' dir='ltr'><em>ullummilii</em></span> <span class='ocrx_word' id='word_1_251' title='bbox 932 3096 1078 3166; x_wconf 83' lang='lat' dir='ltr'><em>reliquam</em></span> <span class='ocrx_word' id='word_1_252' title='bbox 1098 3091 1234 3163; x_wconf 90' lang='lat' dir='ltr'><em>facerem</em></span> <span class='ocrx_word' id='word_1_253' title='bbox 1264 3111 1364 3152; x_wconf 90' lang='lat' dir='ltr'><em>eorum</em></span> <span class='ocrx_word' id='word_1_254' title='bbox 1392 3095 1496 3166; x_wconf 77' lang='lat' dir='ltr'><em>auiam</em></span> <span class='ocrx_word' id='word_1_255' title='bbox 1520 3111 1573 3167; x_wconf 82' lang='lat' dir='ltr'><em>epo</em></span> <span class='ocrx_word' id='word_1_256' title='bbox 1600 3094 1690 3152; x_wconf 69' lang='lat' dir='ltr'><em>deloco</em></span> <span class='ocrx_word' id='word_1_257' title='bbox 1710 3096 1820 3152; x_wconf 88' lang='lat' dir='ltr'><em>omnio.</em></span> 
     </span>
     <span class='ocr_line' id='line_1_25' title="bbox 524 3190 1818 3271; baseline -0.004 -15"><span class='ocrx_word' id='word_1_258' title='bbox 524 3200 643 3271; x_wconf 85' lang='lat' dir='ltr'><em>scripsit</em></span> <span class='ocrx_word' id='word_1_259' title='bbox 664 3199 713 3254; x_wconf 89' lang='lat' dir='ltr'><em>ille</em></span> <span class='ocrx_word' id='word_1_260' title='bbox 733 3197 841 3255; x_wconf 82' lang='lat' dir='ltr'><em>librum</em></span> <span class='ocrx_word' id='word_1_261' title='bbox 867 3198 897 3253; x_wconf 91' lang='lat' dir='ltr'><em>ia</em></span> <span class='ocrx_word' id='word_1_262' title='bbox 920 3197 1098 3255; x_wconf 82' lang='lat' dir='ltr'><em>Latlterum:</em></span> <span class='ocrx_word' id='word_1_263' title='bbox 1132 3205 1165 3253; x_wconf 91' lang='lat' dir='ltr'><em>at</em></span> <span class='ocrx_word' id='word_1_264' title='bbox 1184 3212 1242 3253; x_wconf 91' lang='lat' dir='ltr'><em>noa</em></span> <span class='ocrx_word' id='word_1_265' title='bbox 1263 3198 1383 3270; x_wconf 87' lang='lat' dir='ltr'><em>scripsit</em></span> <span class='ocrx_word' id='word_1_266' title='bbox 1402 3213 1449 3254; x_wconf 88' lang='lat' dir='ltr'><em>me</em></span> <span class='ocrx_word' id='word_1_267' title='bbox 1470 3199 1640 3270; x_wconf 89' lang='lat' dir='ltr'><em>impulsore.</em></span> <span class='ocrx_word' id='word_1_268' title='bbox 1680 3190 1697 3225; x_wconf 81' lang='grc'>*</span> <span class='ocrx_word' id='word_1_269' title='bbox 1711 3202 1818 3252; x_wconf 86' lang='lat' dir='ltr'><em>‘oerum</em></span> 
     </span>
     <span class='ocr_line' id='line_1_26' title="bbox 524 3294 1847 3373; baseline -0.006 -15"><span class='ocrx_word' id='word_1_270' title='bbox 524 3299 688 3373; x_wconf 75' lang='lat' dir='ltr'><em>aliquando</em></span> <span class='ocrx_word' id='word_1_271' title='bbox 710 3299 778 3357; x_wconf 82' lang='lat' dir='ltr'><em>diei</em></span> <span class='ocrx_word' id='word_1_272' title='bbox 797 3298 904 3357; x_wconf 79' lang='lat' dir='ltr'><em>librum</em></span> <span class='ocrx_word' id='word_1_273' title='bbox 932 3301 1014 3357; x_wconf 90' lang='lat' dir='ltr'><em>illum</em></span> <span class='ocrx_word' id='word_1_274' title='bbox 1033 3299 1168 3357; x_wconf 80' lang='lat' dir='ltr'><em>omnibus</em></span> <span class='ocrx_word' id='word_1_275' title='bbox 1194 3299 1305 3355; x_wconf 88' lang='lat' dir='ltr'><em>merdis</em></span> <span class='ocrx_word' id='word_1_276' title='bbox 1320 3294 1577 3371; x_wconf 88' lang='lat' dir='ltr'><em>percacandum&#39;:</em></span> <span class='ocrx_word' id='word_1_277' title='bbox 1610 3298 1663 3368; x_wconf 88' lang='lat' dir='ltr'><em>qai</em></span> <span class='ocrx_word' id='word_1_278' title='bbox 1684 3297 1740 3353; x_wconf 70' lang='lat' dir='ltr'><em>troc</em></span> <span class='ocrx_word' id='word_1_279' title='bbox 1761 3297 1847 3353; x_wconf 67' lang='grc' dir='ltr'><em>(ιε-ιε</em></span> 
     </span>
     <span class='ocr_line' id='line_1_27' title="bbox 524 3399 1818 3474; baseline -0.005 -14"><span class='ocrx_word' id='word_1_280' title='bbox 524 3404 590 3460; x_wconf 87' lang='lat' dir='ltr'><em>tulit</em></span> <span class='ocrx_word' id='word_1_281' title='bbox 608 3400 752 3472; x_wconf 87' lang='lat' dir='ltr'><em>Halteno,</em></span> <span class='ocrx_word' id='word_1_282' title='bbox 774 3403 837 3474; x_wconf 86' lang='lat' dir='ltr'><em>ipse</em></span> <span class='ocrx_word' id='word_1_283' title='bbox 857 3401 997 3458; x_wconf 90' lang='lat' dir='ltr'><em>nimirum</em></span> <span class='ocrx_word' id='word_1_284' title='bbox 1017 3409 1061 3458; x_wconf 91' lang='lat' dir='ltr'><em>est</em></span> <span class='ocrx_word' id='word_1_285' title='bbox 1080 3399 1213 3457; x_wconf 76' lang='lat' dir='ltr'><em>omatibus</em></span> <span class='ocrx_word' id='word_1_286' title='bbox 1233 3401 1344 3456; x_wconf 88' lang='lat' dir='ltr'><em>merdis</em></span> <span class='ocrx_word' id='word_1_287' title='bbox 1363 3400 1588 3472; x_wconf 87' lang='lat' dir='ltr'><em>percocaadus‚</em></span> <span class='ocrx_word' id='word_1_288' title='bbox 1612 3413 1682 3454; x_wconf 89' lang='lat' dir='ltr'><em>nam</em></span> <span class='ocrx_word' id='word_1_289' title='bbox 1704 3415 1740 3455; x_wconf 90' lang='lat' dir='ltr'><em>eo</em></span> <span class='ocrx_word' id='word_1_290' title='bbox 1763 3413 1818 3454; x_wconf 76' lang='lat' dir='ltr'><em>oon</em></span> 
     </span>
     <span class='ocr_line' id='line_1_28' title="bbox 525 3500 1816 3574; baseline -0.004 -15"><span class='ocrx_word' id='word_1_291' title='bbox 525 3520 579 3561; x_wconf 87' lang='lat' dir='ltr'><em>nec</em></span> <span class='ocrx_word' id='word_1_292' title='bbox 601 3503 706 3561; x_wconf 89' lang='lat' dir='ltr'><em>audita</em></span> <span class='ocrx_word' id='word_1_293' title='bbox 728 3503 801 3559; x_wconf 81' lang='lat' dir='ltr'><em>milri</em></span> <span class='ocrx_word' id='word_1_294' title='bbox 820 3511 865 3559; x_wconf 90' lang='lat' dir='ltr'><em>est</em></span> <span class='ocrx_word' id='word_1_295' title='bbox 884 3518 924 3559; x_wconf 77' lang='lat' dir='ltr'><em>ea</em></span> <span class='ocrx_word' id='word_1_296' title='bbox 945 3517 1105 3574; x_wconf 72' lang='lat' dir='ltr'><em>quoquam,</em></span> <span class='ocrx_word' id='word_1_297' title='bbox 1132 3517 1186 3558; x_wconf 91' lang='lat' dir='ltr'><em>aec</em></span> <span class='ocrx_word' id='word_1_298' title='bbox 1204 3501 1277 3557; x_wconf 81' lang='lat' dir='ltr'><em>milti</em></span> <span class='ocrx_word' id='word_1_299' title='bbox 1296 3516 1425 3572; x_wconf 83' lang='lat' dir='ltr'><em>unquam</em></span> <span class='ocrx_word' id='word_1_300' title='bbox 1449 3503 1494 3557; x_wconf 86' lang='lat' dir='ltr'><em>uel</em></span> <span class='ocrx_word' id='word_1_301' title='bbox 1515 3503 1545 3557; x_wconf 85' lang='lat' dir='ltr'><em>ia</em></span> <span class='ocrx_word' id='word_1_302' title='bbox 1565 3502 1674 3558; x_wconf 88' lang='lat' dir='ltr'><em>somnis</em></span> <span class='ocrx_word' id='word_1_303' title='bbox 1694 3501 1773 3556; x_wconf 81' lang='lat' dir='ltr'><em>acait</em></span> <span class='ocrx_word' id='word_1_304' title='bbox 1788 3500 1816 3556; x_wconf 90' lang='lat' dir='ltr'><em>in</em></span> 
     </span>
     <span class='ocr_line' id='line_1_29' title="bbox 456 3601 1816 3683; baseline -0.007 -16"><span class='ocrx_word' id='word_1_305' title='bbox 456 3618 523 3667; x_wconf 70' lang='lat' dir='ltr'><em>§.son</em></span> <span class='ocrx_word' id='word_1_306' title='bbox 536 3612 669 3663; x_wconf 87' lang='lat' dir='ltr'><em>meatem.</em></span> <span class='ocrx_word' id='word_1_307' title='bbox 714 3604 893 3661; x_wconf 77' lang='lat' dir='ltr'><em>Constantia</em></span> <span class='ocrx_word' id='word_1_308' title='bbox 910 3603 1125 3675; x_wconf 83' lang='lat' dir='ltr'><em>praefationem</em></span> <span class='ocrx_word' id='word_1_309' title='bbox 1148 3603 1389 3673; x_wconf 67' lang='lat' dir='ltr'><em>dumosorum,</em></span> <span class='ocrx_word' id='word_1_310' title='bbox 1419 3601 1544 3659; x_wconf 78' lang='lat' dir='ltr'><em>laudaui</em></span> <span class='ocrx_word' id='word_1_311' title='bbox 1561 3603 1732 3683; x_wconf 80' lang='lat' dir='ltr'><em>scriptionis</em></span> <span class='ocrx_word' id='word_1_312' title='bbox 1753 3616 1816 3658; x_wconf 89' lang='lat' dir='ltr'><em>mo-</em></span> 
     </span>
     <span class='ocr_line' id='line_1_30' title="bbox 523 3701 1815 3777; baseline -0.002 -16"><span class='ocrx_word' id='word_1_313' title='bbox 523 3707 664 3772; x_wconf 72' lang='lat' dir='ltr'><em>destiam·</em></span> <span class='ocrx_word' id='word_1_314' title='bbox 685 3720 775 3762; x_wconf 84' lang='lat' dir='ltr'><em>urtam</em></span> <span class='ocrx_word' id='word_1_315' title='bbox 796 3706 891 3762; x_wconf 81' lang='lat' dir='ltr'><em>locetm</em></span> <span class='ocrx_word' id='word_1_316' title='bbox 907 3707 980 3775; x_wconf 73' lang='lat' dir='ltr'><em>leui,</em></span> <span class='ocrx_word' id='word_1_317' title='bbox 1002 3721 1059 3762; x_wconf 90' lang='lat' dir='ltr'><em>non</em></span> <span class='ocrx_word' id='word_1_318' title='bbox 1075 3704 1196 3777; x_wconf 76' lang='lat' dir='ltr'><em>perleui</em></span> <span class='ocrx_word' id='word_1_319' title='bbox 1200 3748 1207 3773; x_wconf 91' lang='lat'><em>,</em></span> <span class='ocrx_word' id='word_1_320' title='bbox 1231 3706 1261 3761; x_wconf 87' lang='lat' dir='ltr'><em>in</em></span> <span class='ocrx_word' id='word_1_321' title='bbox 1279 3720 1335 3776; x_wconf 82' lang='lat' dir='ltr'><em>qao</em></span> <span class='ocrx_word' id='word_1_322' title='bbox 1352 3701 1466 3773; x_wconf 84' lang='lat' dir='ltr'><em>refellit</em></span> <span class='ocrx_word' id='word_1_323' title='bbox 1479 3703 1559 3774; x_wconf 75' lang='lat' dir='ltr'><em>quod</em></span> <span class='ocrx_word' id='word_1_324' title='bbox 1569 3702 1720 3761; x_wconf 81' lang='lat' dir='ltr'><em>Latncrus</em></span> <span class='ocrx_word' id='word_1_325' title='bbox 1737 3704 1815 3762; x_wconf 85' lang='lat' dir='ltr'><em>scri-</em></span> 
     </span>
     <span class='ocr_line' id='line_1_31' title="bbox 519 3804 1844 3878; baseline -0.005 -16"><span class='ocrx_word' id='word_1_326' title='bbox 519 3812 635 3878; x_wconf 85' lang='lat' dir='ltr'><em>pserat,</em></span> <span class='ocrx_word' id='word_1_327' title='bbox 658 3821 737 3862; x_wconf 81' lang='lat' dir='ltr'><em>riitac</em></span> <span class='ocrx_word' id='word_1_328' title='bbox 758 3806 873 3862; x_wconf 65' lang='lat' dir='ltr'><em>mmum</em></span> <span class='ocrx_word' id='word_1_329' title='bbox 896 3804 1000 3863; x_wconf 73' lang='lat' dir='ltr'><em>Boma’</em></span> <span class='ocrx_word' id='word_1_330' title='bbox 1021 3805 1171 3862; x_wconf 82' lang='lat' dir='ltr'><em>decretttm</em></span> <span class='ocrx_word' id='word_1_331' title='bbox 1191 3821 1254 3862; x_wconf 88' lang='lat' dir='ltr'><em>esse</em></span> <span class='ocrx_word' id='word_1_332' title='bbox 1271 3807 1387 3862; x_wconf 89' lang='lat' dir='ltr'><em>animas</em></span> <span class='ocrx_word' id='word_1_333' title='bbox 1405 3821 1468 3862; x_wconf 89' lang='lat' dir='ltr'><em>esse</em></span> <span class='ocrx_word' id='word_1_334' title='bbox 1485 3806 1677 3871; x_wconf 82' lang='lat' dir='ltr'><em>immorailes,</em></span> <span class='ocrx_word' id='word_1_335' title='bbox 1702 3807 1727 3861; x_wconf 87' lang='lat' dir='ltr'><em>is</em></span> <span class='ocrx_word' id='word_1_336' title='bbox 1746 3804 1844 3862; x_wconf 81' lang='lat' dir='ltr'><em>miliia</em></span> 
     </span>
     <span class='ocr_line' id='line_1_32' title="bbox 522 3881 1815 3978; baseline -0.002 -16"><span class='ocrx_word' id='word_1_337' title='bbox 522 3923 578 3963; x_wconf 77' lang='lat' dir='ltr'><em>riou</em></span> <span class='ocrx_word' id='word_1_338' title='bbox 598 3881 772 3976; x_wconf 74' lang='lat' dir='ltr'><em>displicuit:</em></span> <span class='ocrx_word' id='word_1_339' title='bbox 794 3922 852 3963; x_wconf 79' lang='lat' dir='ltr'><em>aori</em></span> <span class='ocrx_word' id='word_1_340' title='bbox 874 3922 937 3962; x_wconf 88' lang='lat' dir='ltr'><em>sum</em></span> <span class='ocrx_word' id='word_1_341' title='bbox 959 3912 1019 3961; x_wconf 88' lang='lat' dir='ltr'><em>tom</em></span> <span class='ocrx_word' id='word_1_342' title='bbox 1040 3906 1210 3977; x_wconf 86' lang='lat' dir='ltr'><em>impudens,</em></span> <span class='ocrx_word' id='word_1_343' title='bbox 1234 3911 1267 3962; x_wconf 89' lang='lat' dir='ltr'><em>ut</em></span> <span class='ocrx_word' id='word_1_344' title='bbox 1281 3908 1476 3978; x_wconf 79' lang='lat' dir='ltr'><em>pronunciata</em></span> <span class='ocrx_word' id='word_1_345' title='bbox 1500 3905 1538 3962; x_wconf 91' lang='lat' dir='ltr'><em>de</em></span> <span class='ocrx_word' id='word_1_346' title='bbox 1554 3905 1630 3963; x_wconf 79' lang='lat' dir='ltr'><em>libro</em></span> <span class='ocrx_word' id='word_1_347' title='bbox 1651 3921 1738 3976; x_wconf 81' lang='lat' dir='ltr'><em>pacm</em></span> <span class='ocrx_word' id='word_1_348' title='bbox 1761 3922 1815 3962; x_wconf 90' lang='lat' dir='ltr'><em>noa</em></span> 
     </span>
     <span class='ocr_line' id='line_1_33' title="bbox 520 3986 1816 4079; baseline -0.002 -16"><span class='ocrx_word' id='word_1_349' title='bbox 520 4007 718 4078; x_wconf 67' lang='lat' dir='ltr'><em>palmeam·</em></span> <span class='ocrx_word' id='word_1_350' title='bbox 748 4012 778 4063; x_wconf 91' lang='lat' dir='ltr'><em>et</em></span> <span class='ocrx_word' id='word_1_351' title='bbox 803 4012 899 4062; x_wconf 92' lang='lat' dir='ltr'><em>tamen</em></span> <span class='ocrx_word' id='word_1_352' title='bbox 927 4022 984 4063; x_wconf 90' lang='lat' dir='ltr'><em>aon</em></span> <span class='ocrx_word' id='word_1_353' title='bbox 1004 4007 1104 4061; x_wconf 89' lang='lat' dir='ltr'><em>statim</em></span> <span class='ocrx_word' id='word_1_354' title='bbox 1130 4005 1239 4077; x_wconf 80' lang='lat' dir='ltr'><em>probat</em></span> <span class='ocrx_word' id='word_1_355' title='bbox 1264 3986 1425 4065; x_wconf 76' lang='lat' dir='ltr'><em>ludicrum</em></span> <span class='ocrx_word' id='word_1_356' title='bbox 1458 4009 1508 4065; x_wconf 90' lang='lat' dir='ltr'><em>cui</em></span> <span class='ocrx_word' id='word_1_357' title='bbox 1528 4022 1585 4062; x_wconf 91' lang='lat' dir='ltr'><em>aon</em></span> <span class='ocrx_word' id='word_1_358' title='bbox 1610 4008 1715 4079; x_wconf 87' lang='lat' dir='ltr'><em>placet</em></span> <span class='ocrx_word' id='word_1_359' title='bbox 1745 4008 1816 4065; x_wconf 81' lang='lat' dir='ltr'><em>liber</em></span> 
     </span>
     <span class='ocr_line' id='line_1_34' title="bbox 453 4105 1814 4179; baseline 0.004 -18"><span class='ocrx_word' id='word_1_360' title='bbox 453 4107 677 4168; x_wconf 73' lang='lat' dir='ltr'><em>§.isnadcersus</em></span> <span class='ocrx_word' id='word_1_361' title='bbox 696 4108 779 4164; x_wconf 91' lang='lat' dir='ltr'><em>illam</em></span> <span class='ocrx_word' id='word_1_362' title='bbox 799 4108 938 4179; x_wconf 81' lang='lat' dir='ltr'><em>scriptus.</em></span> <span class='ocrx_word' id='word_1_363' title='bbox 966 4105 1143 4164; x_wconf 85' lang='lat' dir='ltr'><em>Lodoaicam</em></span> <span class='ocrx_word' id='word_1_364' title='bbox 1163 4106 1275 4165; x_wconf 80' lang='lat' dir='ltr'><em>Boram</em></span> <span class='ocrx_word' id='word_1_365' title='bbox 1296 4118 1324 4165; x_wconf 88' lang='lat' dir='ltr'><em>et</em></span> <span class='ocrx_word' id='word_1_366' title='bbox 1342 4109 1504 4166; x_wconf 80' lang='lat' dir='ltr'><em>ceradidum</em></span> <span class='ocrx_word' id='word_1_367' title='bbox 1525 4109 1653 4166; x_wconf 88' lang='lat' dir='ltr'><em>amicum</em></span> <span class='ocrx_word' id='word_1_368' title='bbox 1675 4115 1708 4165; x_wconf 88' lang='lat' dir='ltr'><em>et</em></span> <span class='ocrx_word' id='word_1_369' title='bbox 1720 4109 1814 4179; x_wconf 73' lang='lat' dir='ltr'><em>fidum</em></span> 
     </span>
     <span class='ocr_line' id='line_1_35' title="bbox 518 4207 1815 4283; baseline 0.001 -18"><span class='ocrx_word' id='word_1_370' title='bbox 518 4216 679 4283; x_wconf 86' lang='lat' dir='ltr'><em>patronum</em></span> <span class='ocrx_word' id='word_1_371' title='bbox 699 4207 792 4266; x_wconf 80' lang='lat' dir='ltr'><em>naam</em></span> <span class='ocrx_word' id='word_1_372' title='bbox 809 4209 895 4281; x_wconf 88' lang='lat' dir='ltr'><em>prius</em></span> <span class='ocrx_word' id='word_1_373' title='bbox 916 4223 1005 4280; x_wconf 82' lang='lat' dir='ltr'><em>paam</em></span> <span class='ocrx_word' id='word_1_374' title='bbox 1027 4209 1056 4264; x_wconf 87' lang='lat' dir='ltr'><em>in</em></span> <span class='ocrx_word' id='word_1_375' title='bbox 1079 4208 1149 4264; x_wconf 82' lang='lat' dir='ltr'><em>orbe</em></span> <span class='ocrx_word' id='word_1_376' title='bbox 1172 4216 1257 4266; x_wconf 89' lang='lat' dir='ltr'><em>notas</em></span> <span class='ocrx_word' id='word_1_377' title='bbox 1277 4218 1352 4267; x_wconf 86' lang='lat' dir='ltr'><em>esset</em></span> <span class='ocrx_word' id='word_1_378' title='bbox 1372 4211 1536 4276; x_wconf 79' lang='lat' dir='ltr'><em>Lutlierus,·</em></span> <span class='ocrx_word' id='word_1_379' title='bbox 1557 4215 1586 4267; x_wconf 87' lang='lat' dir='ltr'><em>et</em></span> <span class='ocrx_word' id='word_1_380' title='bbox 1607 4209 1688 4268; x_wconf 83' lang='lat' dir='ltr'><em>lianc</em></span> <span class='ocrx_word' id='word_1_381' title='bbox 1710 4212 1815 4270; x_wconf 88' lang='lat' dir='ltr'><em>calcu-</em></span> 
     </span>
     <span class='ocr_line' id='line_1_36' title="bbox 519 4310 1840 4385; baseline -0.005 -16"><span class='ocrx_word' id='word_1_382' title='bbox 519 4315 579 4369; x_wconf 90' lang='lat' dir='ltr'><em>lum</em></span> <span class='ocrx_word' id='word_1_383' title='bbox 595 4313 671 4368; x_wconf 87' lang='lat' dir='ltr'><em>inler</em></span> <span class='ocrx_word' id='word_1_384' title='bbox 690 4310 850 4381; x_wconf 86' lang='lat' dir='ltr'><em>felicitates</em></span> <span class='ocrx_word' id='word_1_385' title='bbox 871 4325 952 4368; x_wconf 90' lang='lat' dir='ltr'><em>meas</em></span> <span class='ocrx_word' id='word_1_386' title='bbox 974 4325 1111 4368; x_wconf 87' lang='lat' dir='ltr'><em>numero:</em></span> <span class='ocrx_word' id='word_1_387' title='bbox 1134 4317 1177 4368; x_wconf 86' lang='lat' dir='ltr'><em>est</em></span> <span class='ocrx_word' id='word_1_388' title='bbox 1196 4313 1271 4368; x_wconf 87' lang='lat' dir='ltr'><em>euim</em></span> <span class='ocrx_word' id='word_1_389' title='bbox 1291 4314 1388 4370; x_wconf 85' lang='lat' dir='ltr'><em>multis</em></span> <span class='ocrx_word' id='word_1_390' title='bbox 1405 4313 1523 4368; x_wconf 78' lang='lat' dir='ltr'><em>eximiis</em></span> <span class='ocrx_word' id='word_1_391' title='bbox 1542 4311 1710 4369; x_wconf 80' lang='lat' dir='ltr'><em>nominibus</em></span> <span class='ocrx_word' id='word_1_392' title='bbox 1724 4323 1840 4385; x_wconf 71' lang='lat' dir='ltr'><em>pree-ss</em></span> 
     </span>
     <span class='ocr_line' id='line_1_37' title="bbox 519 4412 1812 4501; baseline -0.003 -30"><span class='ocrx_word' id='word_1_393' title='bbox 519 4416 637 4488; x_wconf 80' lang='lat' dir='ltr'><em>capuam</em></span> <span class='ocrx_word' id='word_1_394' title='bbox 661 4413 748 4501; x_wconf 81' lang='lat' dir='ltr'><em>linias</em></span> <span class='ocrx_word' id='word_1_395' title='bbox 770 4412 851 4471; x_wconf 81' lang='lat' dir='ltr'><em>urbis</em></span> <span class='ocrx_word' id='word_1_396' title='bbox 872 4418 1091 4475; x_wconf 84' lang='lat' dir='ltr'><em>ornamentum,</em></span> <span class='ocrx_word' id='word_1_397' title='bbox 1125 4413 1168 4469; x_wconf 88' lang='lat' dir='ltr'><em>sic</em></span> <span class='ocrx_word' id='word_1_398' title='bbox 1201 4421 1332 4470; x_wconf 88' lang='lat' dir='ltr'><em>assertor</em></span> <span class='ocrx_word' id='word_1_399' title='bbox 1360 4430 1424 4470; x_wconf 85' lang='lat' dir='ltr'><em>sace</em></span> <span class='ocrx_word' id='word_1_400' title='bbox 1455 4413 1622 4484; x_wconf 79' lang='lat' dir='ltr'><em>tlieolopiec,</em></span> <span class='ocrx_word' id='word_1_401' title='bbox 1656 4418 1691 4470; x_wconf 89' lang='lat' dir='ltr'><em>ut</em></span> <span class='ocrx_word' id='word_1_402' title='bbox 1718 4420 1812 4471; x_wconf 88' lang='lat' dir='ltr'><em>tomen</em></span> 
     </span>
     <span class='ocr_line' id='line_1_38' title="bbox 500 4513 1816 4588; baseline -0.002 -15"><span class='ocrx_word' id='word_1_403' title='bbox 500 4517 625 4587; x_wconf 80' lang='lat' dir='ltr'><em>&#39;aquus</em></span> <span class='ocrx_word' id='word_1_404' title='bbox 643 4518 681 4572; x_wconf 87' lang='lat' dir='ltr'><em>sit</em></span> <span class='ocrx_word' id='word_1_405' title='bbox 701 4515 782 4573; x_wconf 82' lang='lat' dir='ltr'><em>bonis</em></span> <span class='ocrx_word' id='word_1_406' title='bbox 801 4516 894 4572; x_wconf 88' lang='lat' dir='ltr'><em>literis</em></span> <span class='ocrx_word' id='word_1_407' title='bbox 917 4524 946 4572; x_wconf 89' lang='lat' dir='ltr'><em>et</em></span> <span class='ocrx_word' id='word_1_408' title='bbox 965 4515 1069 4586; x_wconf 80' lang='lat' dir='ltr'><em>quietis</em></span> <span class='ocrx_word' id='word_1_409' title='bbox 1089 4514 1199 4584; x_wconf 88' lang='lat' dir='ltr'><em>studio,</em></span> <span class='ocrx_word' id='word_1_410' title='bbox 1225 4516 1343 4572; x_wconf 86' lang='lat' dir='ltr'><em>minime</em></span> <span class='ocrx_word' id='word_1_411' title='bbox 1364 4513 1500 4585; x_wconf 87' lang='lat' dir='ltr'><em>infensus</em></span> <span class='ocrx_word' id='word_1_412' title='bbox 1521 4517 1642 4586; x_wconf 83' lang='lat' dir='ltr'><em>nepoeio</em></span> <span class='ocrx_word' id='word_1_413' title='bbox 1669 4514 1816 4588; x_wconf 82' lang='lat' dir='ltr'><em>ecaapctii</em></span> 
     </span>
     <span class='ocr_line' id='line_1_39' title="bbox 451 4615 1814 4690; baseline -0.004 -14"><span class='ocrx_word' id='word_1_414' title='bbox 451 4627 517 4676; x_wconf 73' lang='lat' dir='ltr'><em>§.aa</em></span> <span class='ocrx_word' id='word_1_415' title='bbox 530 4618 720 4688; x_wconf 83' lang='lat' dir='ltr'><em>restituendi,</em></span> <span class='ocrx_word' id='word_1_416' title='bbox 743 4618 859 4675; x_wconf 87' lang='lat' dir='ltr'><em>tametsi</em></span> <span class='ocrx_word' id='word_1_417' title='bbox 877 4625 965 4674; x_wconf 92' lang='lat' dir='ltr'><em>totum</em></span> <span class='ocrx_word' id='word_1_418' title='bbox 980 4616 1142 4675; x_wconf 84' lang='lat' dir='ltr'><em>Latlterum</em></span> <span class='ocrx_word' id='word_1_419' title='bbox 1163 4632 1350 4688; x_wconf 76' lang='lat' dir='ltr'><em>nequaquam</em></span> <span class='ocrx_word' id='word_1_420' title='bbox 1367 4615 1524 4690; x_wconf 83' lang='lat' dir='ltr'><em>approbat.</em></span> <span class='ocrx_word' id='word_1_421' title='bbox 1558 4615 1670 4686; x_wconf 74' lang='lat' dir='ltr'><em>Quodsi</em></span> <span class='ocrx_word' id='word_1_422' title='bbox 1686 4616 1814 4675; x_wconf 86' lang='lat' dir='ltr'><em>Hultcno</em></span> 
     </span>
     <span class='ocr_line' id='line_1_40' title="bbox 520 4718 1812 4791; baseline -0.002 -16"><span class='ocrx_word' id='word_1_423' title='bbox 520 4719 670 4777; x_wconf 84' lang='lat' dir='ltr'><em>decretam</em></span> <span class='ocrx_word' id='word_1_424' title='bbox 692 4725 737 4777; x_wconf 87' lang='lat' dir='ltr'><em>est</em></span> <span class='ocrx_word' id='word_1_425' title='bbox 753 4719 911 4791; x_wconf 80' lang='lat' dir='ltr'><em>iadipaari</em></span> <span class='ocrx_word' id='word_1_426' title='bbox 928 4718 1061 4775; x_wconf 78' lang='lat' dir='ltr'><em>arnaldus</em></span> <span class='ocrx_word' id='word_1_427' title='bbox 1083 4720 1135 4790; x_wconf 79' lang='lat' dir='ltr'><em>aui</em></span> <span class='ocrx_word' id='word_1_428' title='bbox 1147 4720 1225 4775; x_wconf 90' lang='lat' dir='ltr'><em>male</em></span> <span class='ocrx_word' id='word_1_429' title='bbox 1238 4719 1368 4775; x_wconf 86' lang='lat' dir='ltr'><em>sentinat</em></span> <span class='ocrx_word' id='word_1_430' title='bbox 1387 4719 1425 4776; x_wconf 92' lang='lat' dir='ltr'><em>de</em></span> <span class='ocrx_word' id='word_1_431' title='bbox 1444 4719 1589 4789; x_wconf 78' lang='lat' dir='ltr'><em>Littnero,</em></span> <span class='ocrx_word' id='word_1_432' title='bbox 1610 4735 1707 4791; x_wconf 82' lang='lat' dir='ltr'><em>quare</em></span> <span class='ocrx_word' id='word_1_433' title='bbox 1722 4721 1812 4776; x_wconf 91' lang='lat' dir='ltr'><em>solum</em></span> 
     </span>
     <span class='ocr_line' id='line_1_41' title="bbox 518 4814 1841 4894; baseline -0.001 -18"><span class='ocrx_word' id='word_1_434' title='bbox 518 4819 598 4877; x_wconf 78' lang='lat' dir='ltr'><em>neeric</em></span> <span class='ocrx_word' id='word_1_435' title='bbox 618 4814 899 4894; x_wconf 71' lang='lat' dir='ltr'><em>perstririail,&#39;cum</em></span> <span class='ocrx_word' id='word_1_436' title='bbox 920 4819 969 4878; x_wconf 79' lang='lat' dir='ltr'><em>liic</em></span> <span class='ocrx_word' id='word_1_437' title='bbox 986 4822 1045 4877; x_wconf 86' lang='lat' dir='ltr'><em>sint</em></span> <span class='ocrx_word' id='word_1_438' title='bbox 1065 4814 1236 4877; x_wconf 81' lang='lat' dir='ltr'><em>innumeri?</em></span> <span class='ocrx_word' id='word_1_439' title='bbox 1264 4836 1434 4891; x_wconf 76' lang='lat' dir='ltr'><em>quartanam</em></span> <span class='ocrx_word' id='word_1_440' title='bbox 1457 4818 1558 4879; x_wconf 87' lang='lat' dir='ltr'><em>Beras</em></span> <span class='ocrx_word' id='word_1_441' title='bbox 1576 4822 1601 4879; x_wconf 88' lang='lat' dir='ltr'><em>is</em></span> <span class='ocrx_word' id='word_1_442' title='bbox 1619 4830 1663 4878; x_wconf 90' lang='lat' dir='ltr'><em>est</em></span> <span class='ocrx_word' id='word_1_443' title='bbox 1682 4822 1737 4893; x_wconf 84' lang='lat' dir='ltr'><em>qni</em></span> <span class='ocrx_word' id='word_1_444' title='bbox 1758 4830 1841 4876; x_wconf 73' lang='lat' dir='ltr'><em>necto</em></span> 
     </span>
    </p>
   </div>
   <div class='ocr_carea' id='block_1_3' title="bbox 585 5001 1759 5070">
    <p class='ocr_par' dir='ltr' id='par_1_3' title="bbox 585 5001 1759 5070">
     <span class='ocr_line' id='line_1_42' title="bbox 585 5001 1759 5070; baseline 0.001 -18"><span class='ocrx_word' id='word_1_445' title='bbox 585 5001 837 5068; x_wconf 77' lang='lat' dir='ltr'><em>⁸Exp0st.§.13l5.</em></span> <span class='ocrx_word' id='word_1_446' title='bbox 885 5002 1062 5068; x_wconf 66' lang='grc' dir='ltr'><em>ὓΕεροει.6.</em></span> <span class='ocrx_word' id='word_1_447' title='bbox 1080 5002 1136 5053; x_wconf 82' lang='grc'><strong>137.</strong></span> <span class='ocrx_word' id='word_1_448' title='bbox 1183 5001 1205 5034; x_wconf 78' lang='lat'><em>²⁰</em></span> <span class='ocrx_word' id='word_1_449' title='bbox 1224 5005 1372 5068; x_wconf 78' lang='lat' dir='ltr'><em>Expost.§.</em></span> <span class='ocrx_word' id='word_1_450' title='bbox 1390 5004 1445 5054; x_wconf 85' lang='lat'>138.</span> <span class='ocrx_word' id='word_1_451' title='bbox 1493 5004 1516 5035; x_wconf 83' lang='lat'><em>³³</em></span> <span class='ocrx_word' id='word_1_452' title='bbox 1534 5007 1648 5070; x_wconf 81' lang='lat' dir='ltr'><em>Expost.</em></span> <span class='ocrx_word' id='word_1_453' title='bbox 1662 5008 1686 5065; x_wconf 74' lang='lat'><em>§-</em></span> <span class='ocrx_word' id='word_1_454' title='bbox 1703 5004 1759 5055; x_wconf 83' lang='lat'><strong>139.</strong></span> 
     </span>
    </p>
   </div>
   <div class='ocr_carea' id='block_1_4' title="bbox 0 0 2188 6084">
    <p class='ocr_par' dir='ltr' id='par_1_4' title="bbox 0 0 2188 6084">
     <span class='ocr_line' id='line_1_43' title="bbox 0 0 2188 6084; baseline 0 2"><span class='ocrx_word' id='word_1_455' title='bbox 0 0 2188 6084; x_wconf 95' lang='lat' dir='ltr'><em> </em></span> 
     </span>
    </p>
   </div>
  </div>
 </body>
</html>
