4367 6084
531 730 604 803 432
643 744 824 796 CCCLXXX.
839 760 941 795 nassau
956 760 992 795 aa>
1005 761 1156 797 aorzsnvu
1170 761 1205 797 os
1220 763 1319 799 arsuro
1333 765 1356 799 c.
1371 764 1544 801 senescens.
1559 766 1637 803 sen.
1648 759 1758 803 trans.
1768 760 1823 804 tm.

529 926 686 983 botzemus,
711 938 791 996 quem
814 919 917 975 sciebat
932 920 1147 976 amantissimum
1164 922 1229 983 mei.
1254 940 1325 978 suero
1341 941 1450 980 ruinore
1467 926 1580 981 territus
1596 926 1649 983 lmc
1665 928 1824 984 accurrebat

530 1028 543 1063 e
566 1008 738 1066 Constantia,
763 1005 825 1060 ilico
849 1005 940 1077 tetigit
962 1006 1079 1060 animum
1103 1006 1155 1061 boc
1177 1007 1235 1078 agi,
1260 1007 1424 1081 simulatque
1447 1009 1522 1064 licuit
1545 1028 1672 1068 scorsum
1694 1012 1822 1087 colloqui.

530 1112 590 1150 narn
606 1090 833 1166 Epplrendorpius
856 1089 936 1143 buius
960 1088 1058 1145 fabulae
1073 1090 1209 1162 clroragus
1225 1108 1359 1164 nusquam
1374 1110 1429 1148 non
1445 1094 1537 1150 aderat
1552 1095 1711 1171 Corycaeum
1725 1108 1822 1170 agens;

530 1197 599 1252 rogo
622 1195 686 1232 nurn
709 1193 739 1231 ea
762 1175 795 1230 de
817 1191 912 1228 caussa
935 1174 1068 1236 venisset;
1093 1175 1208 1252 latetur;
1240 1175 1331 1231 ‘nulla'
1360 1178 1468 1250 inquam
1492 1180 1604 1235 ‘mentio
1626 1182 1660 1237 de
1683 1183 1822 1255 pecuniat'

529 1266 618 1320 lassus
640 1271 764 1316 estesse
788 1259 897 1318 iactant:
922 1259 1070 1331 ‘quantum'
1092 1258 1202 1332 inquam
1226 1261 1357 1334 ‘petuntl'
1386 1263 1528 1323 modicam.
1554 1265 1657 1339 inquit,
1681 1274 1840 1328 summam⁵

529 1349 648 1405 florenos
670 1344 851 1418 septuaginta.
896 1344 983 1409 [luam
1006 1342 1216 1417 Eppbendorpio
1246 1346 1273 1399 in
1296 1346 1421 1402 familiari
1443 1347 1582 1420 colloquio
1606 1367 1747 1406 narrarem
1770 1369 1822 1424 quo

529 1433 670 1490 stomacho
693 1430 828 1485 lluttcnus
851 1427 994 1483 abiecisset
1015 1427 1122 1482 abbatis
1146 1428 1230 1483 Volzii
1252 1430 1411 1502 epistolam.
1437 1432 1463 1487 in
1487 1450 1538 1505 qua
1562 1435 1688 1508 repperit
1709 1440 1821 1491 corona·

530 1527 586 1574 tum
609 1532 735 1575 aureum,
759 1512 901 1585 respondit
924 1529 1021 1567 munus
1037 1512 1158 1567 lluttcno
1180 1513 1291 1586 dignum
1314 1532 1368 1570 non
1386 1516 1485 1579 luisse;
1509 1518 1540 1571 ‘si
1561 1519 1692 1574 misisset'
1714 1522 1820 1593 inquam

529 1604 657 1659 ‘florenos
686 1596 912 1672 quinquagintal’
941 1596 1113 1670 approbavit:
1148 1598 1303 1653 huiusmodi
1333 1600 1438 1655 technis
1466 1595 1628 1657 admonebat
1659 1621 1701 1658 me
1730 1604 1819 1659 ollicii.

529 1689 650 1746 tandem,
674 1693 705 1738 ut
727 1682 812 1754 magis
835 1699 877 1737 me
901 1689 1031 1742 terreret,
1054 1681 1177 1737 exlribuit
1199 1681 1297 1740 librum
1313 1685 1460 1757 scripturn.
1485 1703 1564 1759 quem
1581 1687 1700 1759 negabat
1714 1706 1743 1744 se
1759 1696 1848 1761 ape-¹⁰

529 1773 617 1828 ruisse
640 1770 798 1844 priusquam
828 1765 967 1827 redderct;
997 1767 1063 1822 iussi
1094 1774 1125 1822 ut
1153 1767 1294 1828 recitaret:
1325 1769 1447 1824 recitarit
1476 1769 1597 1833 initium;
1626 1773 1689 1833 risi.
1719 1790 1819 1845 negans

528 1859 564 1912 ibi
587 1856 731 1929 quicquam
754 1860 831 1906 atros
854 1868 927 1911 esse,
952 1868 1034 1923 quum
1057 1850 1154 1906 scirem
1178 1851 1254 1906 illum
1269 1853 1341 1908 aliud
1355 1862 1513 1927 expectare,
1536 1855 1645 1912 volebat
1661 1858 1732 1912 enim
1749 1867 1820 1913 atro·

527 1942 666 1998 cissimmn
688 1937 786 1997 videri;
817 1944 872 1989 tum
903 1933 948 1989 ille
975 1937 1032 1990 ‘Ast
1054 1935 1114 1990 alia'
1137 1936 1226 2009 iuquit
1250 1946 1323 1993 ‘sunt
1346 1938 1435 1999 intus',
1465 1947 1493 1994 et
1515 1939 1598 2013 paulo
1622 1949 1685 1996 ante
1708 1951 1818 2014 negarat

528 2027 578 2083 sibi
603 2025 754 2097 inspectum
775 2020 909 2076 codicem:
933 2019 1003 2094 adeo¹
1024 2037 1085 2075 raro
1109 2020 1159 2075 sibi
1183 2030 1310 2077 constant
1332 2023 1378 2094 qui
1401 2023 1516 2096 fingunt.
1561 2026 1689 2081 lloierant
1704 2027 1818 2081 interae

526 2110 671 2166 amicitiam
692 2091 949 2176 ἀποθνησκόντων
971 2113 999 2159 et
1021 2113 1137 2178 uterque
1159 2105 1275 2161 debebat
1296 2106 1456 2179 plurimum,
1481 2125 1529 2164 nec
1552 2109 1669 2164 babebat
1692 2109 1847 2170 abolemus

528 2197 662 2251 lluttenus
684 2193 764 2247 ctiam
787 2189 945 2246 criminibus
967 2189 1147 2251 onerabatur,
1173 2190 1264 2245 multis
1286 2192 1483 2264 suspitionibus
1504 2195 1681 2266 premebatur
1696 2193 1818 2268 Eppben·
1866 2211 1868 2218 ’

526 2280 655 2354 dorpius:
679 2277 711 2333 ad
736 2276 803 2330 tales
826 2274 928 2329 araneos
950 2275 1065 2330 accessit
1087 2275 1144 2330 baec
1166 2292 1254 2330 cerasa.
1301 2275 1454 2332 llonueram
1477 2279 1579 2333 amicos
1603 2296 1637 2334 ne
1659 2279 1755 2334 darent
1777 2297 1816 2333 as·

527 2384 583 2421 sem
607 2381 664 2420 mea
686 2379 779 2417 causa:
811 2361 861 2414 iam
889 2359 960 2413 enim
983 2357 1052 2414 liber
1075 2377 1124 2432 per
1145 2359 1293 2415 multorum
1317 2378 1411 2416 marrus
1439 2362 1604 2434 vagarbatur,
1633 2372 1660 2417 ct
1684 2373 1748 2437 post
1771 2381 1816 2417 nu·

526 2457 655 2506 moratam
679 2447 819 2519 pecuniam
842 2452 900 2498 crat
923 2443 977 2498 illis
1000 2444 1027 2497 in
1051 2461 1130 2498 manu
1154 2443 1240 2499 ridere
1269 2462 1327 2499 nais.
1373 2446 1435 2501 binc
1466 2448 1622 2503 stomaclrus
1651 2447 1760 2503 illorum
1791 2449 1814 2503 in

526 2553 583 2596 me,
606 2533 668 2607 quia
691 2530 788 2586 lelellit
811 2529 910 2601 praeda.
955 2536 996 2582 tot
1019 2529 1197 2584 intercessere
1219 2529 1399 2591 coniecturae:
1422 2530 1507 2586 inulto
1531 2531 1623 2604 plures
1644 2533 1725 2587 ctiam
1742 2533 1844 2587 tuerere

526 2637 605 2694 quam
627 2635 680 2689 ego
703 2615 805 2669 reterre
828 2630 938 2685 queam:
962 2612 1058 2667 omitto
1080 2615 1152 2668 eninr
1175 2632 1254 2668 voces
1276 2614 1481 2688 sycophanticas
1505 2633 1574 2690 quas·
1594 2618 1665 2689 apud
1688 2615 1756 2672 alios
1779 2618 1815 2670 el·

526 2704 608 2760 lutire
632 2701 710 2755 solet.
756 2700 807 2777 iam
831 2698 917 2768 siquis
939 2695 1012 2768 legat
1029 2696 1185 2753 lluttenieas
1208 2699 1238 2753 ad
1263 2716 1304 2752 me
1327 2699 1458 2772 epistolas
1481 2718 1548 2772 quas
1571 2717 1621 2774 per
1641 2701 1814 2774 Eppbendor·

526 2789 599 2862 pium
624 2785 711 2843 misit.
743 2782 808 2837 nibil
838 2781 942 2854 spirant
965 2780 1017 2836 uisi
1041 2783 1166 2853 pacatam.
1212 2784 1297 2849 lluum
1322 2784 1428 2838 tandem
1452 2786 1566 2840 sentiret
1589 2784 1814 2859 Epplrcndorpins

526 2892 555 2928 se
578 2869 664 2942 magis
687 2887 716 2923 ac
739 2867 825 2938 inagis
848 2866 952 2937 gravari
976 2866 1148 2938 suspicione,
1180 2867 1230 2920 iarn
1253 2868 1323 2923 euim
1348 2867 1441 2924 multis
1463 2868 1591 2924 obolebat
1615 2870 1706 2930 lucus.
1737 2871 1814 2942 'ligu-

526 2975 584 3011 rum
608 2953 725 3010 accurrit
746 2952 778 3006 ad
795 2950 944 3005 llnttcuum
965 2959 993 3004 ct
1016 2950 1123 3005 rettulit
1145 2951 1290 3024 epistolam
1313 2970 1374 3025 quaa
1398 2952 1473 3008 valde
1495 2952 1643 3026 diligenter
1666 2953 1814 3009 testabatur
1824 2964 1841 3000 :³

524 3038 645 3096 libellum
668 3054 805 3110 nunquam
827 3037 962 3091 exiturum
986 3035 1083 3095 luisse.
1109 3035 1130 3090 si
1147 3034 1373 3110 llppbcndorpius
1396 3038 1531 3110 paruisset
1545 3038 1684 3093 consiliis:
1709 3047 1736 3094 et
1751 3039 1813 3093 adeo

525 3125 628 3181 nullum
652 3123 716 3178 mibi
739 3138 800 3176 esse
823 3138 917 3175 nasnru
940 3119 1067 3193 putabat,
1097 3128 1127 3175 nt
1149 3120 1197 3174 bas
1221 3121 1331 3176 tecbnas
1354 3138 1408 3176 non
1432 3122 1592 3177 olfacerem:
1625 3133 1679 3178 tam
1702 3123 1813 3194 diligens

524 3209 662 3266 excusatio
686 3206 749 3280 quial
772 3205 844 3260 aliud
868 3213 926 3260 erat
949 3223 1029 3278 quarn
1052 3206 1207 3260 accusatio?
1235 3206 1375 3260 Coracessit
1398 3209 1610 3277 Argentoratum
1639 3208 1717 3280 prins
1746 3207 1812 3280 apud

525 3313 566 3351 me
590 3302 706 3350 testatus
729 3291 802 3365 quod
826 3299 899 3345 esset
922 3289 1037 3350 nobilis,
1068 3306 1117 3345 nec
1140 3289 1215 3362 prius
1238 3290 1331 3345 encrrdi
1354 3292 1436 3363 caepit
1458 3290 1528 3345 liber
1551 3291 1714 3347 lluttenicus
1737 3309 1811 3364 quarn

525 3380 625 3436 illc-eo
647 3377 868 3448 commigrasset,
898 3382 925 3429 et
948 3375 994 3448 qni
1017 3373 1092 3429 illinc
1115 3375 1166 3429 buc
1190 3373 1345 3434 veniebant.
1375 3374 1667 3431 annonam-tibrum
1692 3377 1752 3450 ipso
1773 3382 1840 3430 cett

523 3466 655 3538 stigatore
677 3478 813 3517 excusum.
858 3460 906 3515 llbi
931 3460 994 3514 vidit
1018 3458 1080 3513 ilico
1103 3458 1226 3532 prodisse
1249 3459 1410 3532 Spongiam,
1441 3470 1467 3514 ct
1499 3460 1550 3516 hoc
1577 3470 1636 3515 rete
1665 3460 1732 3515 nibil
1762 3468 1813 3514 tra·

523 3551 608 3610 nisse,
631 3546 790 3602 subornarit
811 3545 958 3605 Othonem,
982 3561 1011 3598 ac
1035 3561 1123 3617 nequa
1146 3543 1172 3598 iu
1196 3544 1283 3616 ipsum
1306 3545 1414 3599 raderet
1438 3544 1571 3617 suspicio,
1595 3546 1700 3601 curant
1723 3555 1752 3600 ut
1774 3561 1813 3598 as·

523 3633 655 3690 scriberet
682 3631 767 3686 inscio
798 3628 1007 3703 Epplrendorpio
1035 3627 1158 3683 libellum
1186 3645 1246 3683 esse
1274 3629 1397 3690 aeditum;
1425 3630 1527 3684 curarit
1558 3637 1589 3683 ut
1619 3630 1813 3702 praedicaretur

523 3718 598 3773 vobis
614 3733 713 3789 eques.
738 3715 866 3788 quemad
890 3731 945 3769 rena
961 3712 1062 3769 almsus
1085 3722 1127 3768 est
1150 3721 1177 3767 ct
1200 3712 1322 3768 boniccri
1346 3713 1471 3784 ingenio.
1496 3730 1576 3785 quem
1599 3721 1663 3786 post
1686 3715 1727 3769 sui
1751 3713 1810 3768 lacti

524 3802 659 3875 paenituit.
732 3839 1283 3852 ........................
1309 3797 1534 3853 stomachabatur
1564 3799 1637 3870 quod
1661 3796 1840 3853 insimulas-r»

522 3904 579 3941 sem
603 3886 691 3957 ipsum
706 3883 919 3943 Lutbcranisnri‚
944 3899 1026 3955 quunr
1049 3891 1076 3936 et
1101 3883 1179 3938 bodie
1203 3882 1364 3955 profiteatur
1386 3898 1416 3937 so
1438 3890 1672 3954 propugnatorem
1695 3881 1811 3938 llutteni.

523 3970 569 4042 qui
592 3967 713 4023 ecclesiae
735 3966 896 4020 Lutheranae
920 3973 1061 4039 protector
1083 3976 1125 4021 cst
1148 3957 1327 4041 praecipuus,¹
1341 3983 1389 4022 nec
1413 3966 1437 4021 id
1460 3966 1649 4022 dissimulabat
1672 3985 1754 4040 quum
1778 3966 1811 4019 ri·

522 4061 596 4108 reret
619 4051 767 4109 lluttenus,
791 4049 871 4105 nobis
893 4048 1046 4122 glorianter
1067 4052 1215 4106 ileirarrans
1238 4051 1336 4125 quibus
1360 4050 1488 4124 periculis
1511 4068 1571 4106 cum
1597 4051 1747 4123 lugientem
1763 4051 1811 4105 buc

521 4146 603 4209 atquc
626 4134 690 4191 illuc
711 4134 876 4194 deduxisset.
920 4151 972 4206 ego
995 4151 1059 4190 sane
1083 4152 1221 4208 nunquam
1244 4136 1397 4209 suspicatus
1419 4152 1478 4190 sum
1503 4134 1578 4189 illum
1607 4136 1752 4209 quicquam
1780 4135 1810 4188 de

521 4220 674 4291 evangelica
697 4219 748 4274 fide
770 4219 921 4291 cogitasse;
948 4217 1019 4274 aliud
1050 4221 1121 4293 agit;
1151 4221 1299 4276 offenditur
1328 4219 1529 4274 insimulatione
1558 4220 1699 4282 vanitatis,
1731 4221 1837 4294 quumtl

522 4316 563 4362 tot
587 4305 702 4377 insignia
726 4304 863 4359 mendacia
886 4302 1033 4377 protulerit
1055 4306 1082 4361 iu
1112 4322 1166 4360 uno
1195 4304 1348 4398 colloquq).
1378 4321 1427 4360 nec
1456 4303 1565 4360 erubuit
1593 4321 1624 4360 ea
1653 4304 1810 4361 confirmare

522 4475 724 4483 ---

587 4570 767 4640 ‘animump
790 4575 926 4623 amicum?
950 4573 1034 4624 hocas
1059 4589 1108 4623 aon
1125 4588 1210 4624 aanor.
1285 4572 1295 4603 ³
1315 4568 1425 4638 Coryc]
1446 4570 1483 4622 cf.
1503 4572 1595 4621 adnot.
1609 4571 1646 4622 ad
1663 4574 1687 4634 §-
1704 4569 1743 4621 15.
1751 4570 1809 4635 epi·

521 4661 601 4712 stulte
620 4661 645 4709 d.
658 4660 683 4708 2.
697 4659 783 4724 April.
797 4675 822 4708 a.
840 4658 912 4707 1524.
926 4658 1012 4716 datae,
1033 4673 1116 4723 supra
1134 4675 1160 4722 p.
1173 4656 1232 4707 406.
1296 4657 1307 4688 ⁷
1325 4656 1427 4705 Voltaii
1444 4660 1471 4707 2.
1489 4656 1571 4706 Pauli
1590 4657 1702 4706 abbatis
1721 4669 1807 4705 mona-

520 4747 599 4797 sterii
622 4745 865 4794 Benedictinorum
890 4742 980 4808 curiae
1004 4743 1130 4807 Hugonls
1154 4742 1313 4803 (alancone,
1338 4741 1489 4804 Ilaagsltofen
1506 4740 1622 4790 Alsstiae
1648 4741 1807 4797 inferioris).

520 4830 541 4863 ¹³
559 4834 676 4895 negaret
695 4832 719 4877 1.
773 4827 794 4861 ¹⁴
812 4831 924 4879 secaris.
940 4831 964 4879 1.
1018 4817 1171 4890 euboea]
1185 4827 1240 4876 nisi
1254 4842 1314 4875 cum
1326 4826 1395 4890 ipsis
1407 4826 1650 4874 intermorituram.
1704 4821 1726 4856 ¹¹
1744 4823 1808 4872 llut-

519 4917 628 4965 tcnicas
648 4917 672 4962 1.
697 4913 739 4977 (Si
761 4929 810 4963 non
832 4915 957 4969 mentiris,
982 4928 1028 4962 cur
1050 4928 1099 4960 aon
1123 4912 1239 4966 exhibes,
1262 4914 1360 4975 toqaaa
1378 4910 1516 4970 Erosnre?)
1586 4906 1608 4939 θ’
1626 4908 1665 4958 Ut
1682 4909 1808 4958 Erasmus

519 5000 636 5049 mendax
653 5016 688 5048 ne
706 4998 847 5054 videatur,
867 4998 998 5046 mentitur
1009 5012 1063 5045 non
1075 4996 1162 5045 solum
1175 4995 1399 5061 Eppendorffium
1418 4993 1466 5042 sed
1480 4999 1508 5042 et
1520 4991 1727 5042 Brnnnfelsium
1739 5005 1807 5040 men-

519 5085 574 5133 tiri.
610 5081 632 5113 ⁸³
645 5080 778 5147 libellum]
792 5081 963 5132 Brunnfelsii
976 5082 1190 5146 responsionem.
1225 5079 1595 5149 “Leonicerllacfiaaprm
1632 5076 1655 5111 ⁸⁷
1667 5074 1771 5142 neeJne
1786 5077 1812 5124 1.v
