4367 6084
558 745 717 795 CCXLVII.
738 759 884 794 annuntius
899 758 1012 794 nvscun
1026 758 1062 792 nn
1077 758 1227 793 isunnam
1240 758 1282 792 ee.
1297 757 1323 791 a.
1337 751 1357 791 5.
1372 756 1431 790 uns.
1448 748 1506 788 1521.
1633 721 1681 795 63

393 923 447 973 tam
470 916 594 975 adcedil
614 916 755 974 audacia
780 918 852 988 illis,
886 915 955 972 dum
963 901 975 985 ,’
1001 921 1034 971 ul
1057 915 1156 983 airam,
1192 916 1285 971 solum
1311 915 1408 990 latras
1436 928 1531 985 neque
1556 910 1682 969 mordes.

393 1015 509 1074 ‘Facile’
532 1019 672 1090 inquiant
696 1021 748 1075 ‘est
767 1032 833 1075 eam
857 1015 944 1087 se'rre
972 1015 1094 1084 bostem,
1128 1017 1180 1088 qai
1206 1014 1348 1073 hactenus
1375 1020 1459 1071 nocet
1486 1020 1518 1070 ul
1544 1016 1680 1085 minetur,
1691 1029 1737 1078 §.n

394 1122 453 1175 ‘nec
471 1116 579 1188 feriat.
626 1118 768 1187 Quorsum
790 1121 854 1176 istoe
875 1117 1006 1174 assidua
1026 1116 1081 1173 sed
1107 1117 1212 1172 inanes
1239 1110 1349 1172 minae?
1380 1117 1456 1193 quis
1473 1115 1588 1171 minum
1613 1116 1684 1185 titiis

394 1215 573 1278 ‘minamini
593 1234 683 1292 quom
706 1220 758 1277 diu
779 1221 907 1293 seipsum
933 1221 976 1276 sie
997 1213 1156 1275 traducet?
1176 1232 1233 1288 aqe
1251 1218 1377 1289 incipiat
1392 1217 1482 1272 semel
1497 1222 1615 1285 tonare,
1638 1218 1683 1273 si-

375 1321 474 1394 s‘quid
497 1324 576 1379 ualet
595 1323 705 1393 iqnauo
728 1321 819 1380 nubes
837 1323 902 1378 ista.
940 1327 1054 1378 terrere
1075 1320 1143 1388 scit,
1166 1333 1273 1376 nocere
1292 1318 1391 1398 nequit
1408 1315 1554 1384 Hutlenus
1572 1324 1737 1380 aestimas.

394 1421 456 1479 ‘boe
478 1429 522 1480 est
543 1423 623 1496 qnod
643 1425 741 1494 aiunt,
766 1438 874 1487 uarsqrn
887 1438 950 1480 esse
963 1423 1040 1479 iram
1056 1420 1167 1492 absque
1183 1418 1307 1476 uiribus:
1332 1417 1435 1475 scribit
1449 1416 1570 1488 Carolo,
1591 1419 1682 1490 prin-

394 1522 530 1597 ‘eipibns,
558 1523 803 1597 archiepiscopis,
831 1524 929 1581 nobis:
957 1524 1030 1580 sotis
1052 1522 1169 1594 quidem
1197 1522 1345 1586 minatur,·
1379 1534 1468 1591 quum
1489 1525 1586 1576 tamen
1609 1518 1685 1576 nillil

393 1626 523 1682 ‘maioris
540 1627 673 1698 pericidi
691 1641 780 1698 quam
799 1625 941 1683 hactenus
963 1623 1085 1681 aliunde
1108 1614 1259 1691 riiiirmbil,
1279 1622 1334 1678 tuti
1353 1636 1460 1678 samus.
1501 1618 1592 1690 Cedo,
1613 1632 1738 1681 aurinia.

394 1726 513 1785 ‘uidistis
535 1728 607 1799 ipsi,
638 1727 793 1799 Germani,
821 1744 862 1783 an
885 1726 920 1783 ob
942 1726 1032 1782 leasce
1052 1712 1185 1781 minutos
1207 1723 1382 1780 Hatlenicas
1407 1723 1565 1794 quicquam
1592 1724 1686 1779 nostri

364 1829 532 1885 n‘muneris
553 1829 753 1887 remiserimus
782 1831 911 1895 interea,
945 1829 1002 1884 imo
1030 1841 1070 1882 an
1099 1841 1156 1883 noa
1185 1827 1280 1897 maqis
1307 1825 1396 1881 etiarn
1409 1890 1411 1893 q
1425 1819 1684 1880 contenderimus?

395 1931 429 1985 ‘et
448 1928 658 1986 contendemus
680 1937 760 1987 tanto
780 1929 965 2003 pertinacius
987 1933 1097 2000 quanto
1123 1929 1172 1984 ille
1199 1927 1328 1983 minatur
1355 1927 1478 1991 uenirem
1503 1941 1598 1997 neque
1618 1927 1737 1985 elusus.

396 2032 454 2086 ‘ant
473 2032 565 2087 allius
590 2032 659 2087 uicti
680 2031 842 2089 terroribus
867 2030 1053 2097 absislemus,
1089 2027 1190 2101 quoad
1211 2041 1336 2102 peresum
1367 2032 1497 2083 rmslrum
1522 2026 1684 2085 absolutam

396 2130 493 2187 ‘Leoni
523 2131 739 2205 triumphantes
765 2135 1009 2205 qratutantesque
1041 2132 1224 2202 assiquemus
1255 2128 1396 2185 damnato
1422 2127 1565 2198 Lutbero,
1597 2130 1685 2185 etiam

395 2237 455 2305 ‘per
476 2239 594 2304 straqes
617 2232 846 2304 Germanorum,
875 2235 902 2291 si
927 2234 981 2306 qai
1005 2247 1155 2305 opponere
1179 2247 1210 2288 se
1232 2230 1313 2288 nobis
1334 2236 1442 2287 temere
1461 2228 1580 2300 suerint
1600 2229 1685 2287 ause?

372 2333 519 2390 nPeream
546 2336 574 2390 si
601 2349 659 2391 non
688 2336 729 2391 ito
756 2337 860 2407 polam
887 2333 1126 2392 concionabuadi
1151 2332 1349 2390 audacissime
1375 2332 1531 2406 blaterant.
1584 2331 1685 2405 Nuper
1695 2348 1738 2398 §.a

394 2434 545 2508 Hispanus
566 2436 687 2507 quidam
705 2434 827 2494 Batiam
847 2435 954 2493 Leonis
975 2450 994 2492 a
1016 2441 1043 2492 te
1065 2437 1259 2508 explanatam
1286 2432 1449 2506 bibliopolte
1469 2440 1601 2506 erequam
1625 2432 1683 2504 fu-

393 2553 460 2594 rens
485 2538 653 2610 concerpsit
673 2545 919 2611 concerptamqac
936 2536 1078 2610 pedibus,
1102 2537 1133 2592 in
1150 2535 1245 2593 medio
1266 2536 1326 2592 luto
1345 2533 1470 2609 pedibus
1492 2537 1683 2594 conculcarit.

391 2637 546 2694 Praeterea
568 2638 628 2695 iam
647 2639 787 2712 proxime
809 2638 910 2696 adbuc
930 2639 1030 2711 quinto
1046 2636 1146 2694 Nonas
1167 2636 1255 2694 laius
1275 2638 1382 2694 mensis
1396 2636 1537 2695 sacerdos
1553 2654 1593 2694 ex
1612 2639 1740 2705 aulana.

393 2738 496 2795 Caroli
516 2753 583 2796 cum
602 2738 714 2798 duobus
734 2756 775 2798 ex
795 2740 898 2798 eadem
921 2741 994 2796 aula
1012 2738 1157 2811 Hispanis
1174 2737 1346 2804 satellitibus
1361 2741 1549 2812 pauperculo
1565 2740 1686 2796 cuidam

356 2837 509 2908 msascem
530 2838 656 2897 LXXX
675 2839 773 2911 ferme
799 2840 982 2915 Captivitatis
1004 2838 1198 2913 Babqloaicae
1223 2841 1412 2914 exemplaria
1438 2842 1629 2899 continentem
1659 2844 1688 2898 ui

390 2942 504 3015 eripuit
536 2948 605 2999 ante
635 2943 796 3016 palatium,
830 2944 951 3015 eiusque
981 2943 1137 2999 nonnullos
1168 2940 1279 2999 libellos
1306 2943 1464 3013 laceravit,
1497 2944 1686 3000 laceraturus

390 3059 506 3113 omnes,
536 3045 595 3100 uisi
619 3044 738 3102 landem
763 3046 919 3117 proximus
946 3045 1070 3117 quisque
1096 3042 1259 3117 bibliopola
1280 3049 1491 3102 concurrentes
1514 3040 1684 3102 nebulonem

390 3159 458 3202 aem
485 3144 659 3203 satellitibus
691 3147 721 3202 in
752 3147 897 3219 palatium
927 3144 1070 3218 resapere
1099 3147 1269 3216 cocqissent.
1333 3145 1402 3202 Vidi
1426 3135 1514 3203 etiam
1541 3146 1587 3202 bis
1613 3147 1686 3219 ipsis
1696 3167 1740 3215 qs,

392 3244 495 3302 diebus
513 3247 637 3318 equitem
659 3246 807 3319 quendam
827 3247 995 3320 Hispanum
1011 3248 1167 3318 euaqinato
1179 3245 1283 3318 qladio
1297 3262 1387 3327 unum
1404 3263 1420 3304 e
1435 3248 1542 3304 nostris
1558 3244 1686 3318 supien-

339 3357 380 3398 25
396 3352 450 3403 tem
465 3349 612 3428 'persequi
631 3354 715 3405 tanta
734 3347 831 3419 rabie,
853 3354 885 3406 ut
905 3355 974 3406 ante
995 3350 1117 3405 ianuam
1140 3362 1229 3420 quam
1245 3344 1368 3419 sapiens
1383 3348 1434 3403 uix
1448 3352 1598 3416 euaserat,
1620 3363 1686 3405 eum

394 3463 468 3520 equo
480 3456 598 3520 rueret,
619 3466 673 3508 nec
692 3466 850 3522 resurqere
866 3452 925 3508 nisi
939 3451 1101 3508 adiuuante
1117 3449 1263 3507 Germano
1285 3447 1413 3520 quadarn
1428 3454 1543 3521 posset‚·
1564 3463 1687 3521 quorum

397 3565 461 3606 curn
483 3552 569 3608 mulli
590 3541 830 3624 circumstarent,
851 3567 935 3610 nemo
957 3557 1054 3610 tamen
1076 3552 1121 3609 uel
1140 3550 1233 3622 diqito
1255 3565 1345 3607 ausin
1365 3556 1408 3607 est
1426 3552 1508 3607 illum
1524 3551 1686 3607 inelemen-

398 3651 450 3709 tius
472 3655 626 3725 atlinqerc.
667 3653 811 3725 Frustra,
833 3659 865 3711 ut
884 3656 1040 3727 experior,
1063 3653 1118 3712 boc
1133 3668 1228 3725 penus
1244 3652 1374 3710 nomines
1391 3653 1577 3725 appellamus
1594 3653 1686 3724 iqua-

400 3767 459 3826 oos,
483 3754 543 3827 ipsi
560 3753 698 3826 profecto
719 3756 909 3827 iqnauissimi.
950 3754 1102 3813 Aleander
1126 3756 1167 3812 ita
1189 3771 1221 3813 se
1241 3753 1347 3812 Caroto
1369 3754 1542 3825 insinuabit,
1565 3758 1597 3810 ut
1618 3752 1741 3824 ubi-qo,

323 3853 381 3901 ³0
401 3868 451 3925 que
472 3856 686 3928 propemodum
712 3857 802 3915 lateri
823 3858 886 3914 eires
907 3856 1067 3927 inicerent,
1095 3857 1284 3932 pedissequis
1308 3854 1505 3929 Principibus.
1550 3853 1617 3914 Toto
1639 3855 1687 3913 die

324 3962 355 3992 ·
400 3963 490 4014 ternos
517 3963 712 4029 quaternosve
739 3957 891 4032 Hispanos
918 3959 1019 4017 uideas
1046 3962 1133 4017 mritis
1161 3962 1222 4017 suis
1250 3958 1386 4016 sublimes
1409 3974 1469 4032 per
1492 3958 1596 4030 sorum
1623 3957 1690 4016 nebi

400 4058 480 4114 turba
499 4058 631 4116 submota
655 4061 701 4116 ael
721 4059 862 4118 subtrita:
885 4068 914 4118 et
934 4068 1066 4120 tacemus
1086 4067 1115 4119 et
1134 4061 1266 4119 cedimus
1288 4067 1343 4119 toto
1363 4059 1434 4130 soro
1455 4064 1563 4120 exacti.
1606 4062 1682 4119 Hac
1691 4077 1710 4126 s.
1721 4081 1749 4122 so.

400 4172 477 4215 mera
502 4158 624 4217 libertas
651 4170 766 4233 nostra,
798 4164 848 4220 eui
873 4164 901 4219 si
923 4168 1053 4236 putasa
1083 4170 1111 4221 le
1137 4165 1275 4221 sreccnrri
1296 4178 1398 4236 posse,
1432 4163 1507 4235 qaid
1526 4157 1689 4236 expectas?

401 4258 553 4318 discessum
577 4257 701 4319 Caroli?
722 4265 808 4320 nimis
827 4278 926 4320 serum
948 4264 1003 4323 leae
1026 4265 1142 4323 intuetur
1162 4265 1273 4331 multis,
1294 4271 1455 4338 expectare
1477 4265 1570 4323 dorice
1589 4267 1618 4321 in
1637 4270 1688 4321 tu-

339 4356 455 4418 ³⁵tum
476 4378 507 4419 se
530 4363 681 4436 recipiant
702 4381 774 4436 quos
795 4366 870 4423 solos
892 4367 995 4424 trlciser'
1016 4367 1139 4439 diqnum
1166 4372 1246 4435 erat,
1282 4365 1387 4437 quibas
1414 4381 1497 4423 nemo
1524 4365 1687 4439 libertatem

463 4562 470 4593 ¹
485 4549 597 4612 aceedit
612 4566 636 4612 t.
674 4566 791 4615 audacie
807 4569 866 4616 tl.
913 4566 924 4596 θ
938 4566 1036 4617 carolo
1049 4565 1153 4632 ete.]ci.
1163 4582 1245 4630 supra
1259 4566 1466 4614 exhortationes
1479 4566 1688 4629 invectivnsque

400 4645 552 4710 p.371.sqq.
563 4645 601 4696 12.
609 4665 667 4713 sqq.
705 4650 714 4676 ‘¹
728 4651 816 4701 Credo
828 4668 920 4701 omnes.
937 4653 991 4713 feei
1003 4652 1088 4708 Cedo,
1109 4654 1125 4698 i.
1134 4668 1156 4698 e.
1172 4656 1246 4698 cette
1256 4667 1307 4713 pro
1320 4651 1423 4709 coclite,
1444 4649 1539 4697 dicite.
1572 4699 1574 4705 ,
1587 4647 1606 4680 ¹¹
1627 4665 1689 4699 uon-

400 4732 531 4781 tundimus
550 4733 624 4782 2...t.
642 4736 720 4796 saiso
781 4735 802 4767 ¹²
820 4734 995 4800 absistamus]
1016 4737 1185 4785 abstinemus
1205 4738 1278 4783 2...t.
1296 4735 1373 4794 salso.
1433 4732 1453 4764 ¹²
1472 4733 1587 4797 podibus
1607 4734 1634 4781 in
1653 4751 1687 4783 m.

401 4808 452 4864 luto
465 4833 542 4866 conc.
555 4820 628 4867 2...a.
649 4817 703 4867 Seri
714 4827 740 4866 ul
753 4821 876 4876 dedimus,
897 4825 1007 4886 perambio
1019 4823 1097 4868 asinus
1106 4823 1224 4884 placeat,
1238 4819 1275 4867 bis
1288 4818 1403 4882 pedibus
1416 4825 1454 4866 cst
1467 4822 1491 4866 in
1507 4821 1529 4866 t.
1584 4817 1605 4848 ¹⁸
1623 4821 1688 4867 Pre-

400 4903 471 4949 torcn
493 4906 550 4950 t.2.
605 4903 624 4935 ¹⁹
642 4903 823 4952 sattellitibus
844 4910 870 4953 3.
890 4912 914 4952 el
931 4909 968 4954 sic
984 4909 1061 4968 paulo
1077 4911 1137 4967 post
1156 4909 1252 4952 iterum.
1307 4900 1329 4934 ²⁰
1347 4903 1427 4968 Capt.
1447 4900 1556 4967 Baby-L]
1577 4903 1689 4953 ineunte

400 4998 430 5031 m.
444 4985 504 5035 Oct.
520 5003 545 5035 a.
564 4987 634 5036 1520.
657 4989 747 5037 aalitae.
818 4988 840 5020 ²²
859 4991 996 5054 proximus
1015 4990 1129 5052 quisquo
1185 4993 1380 5037 concurrentes
1399 4992 1471 5037 etiarm
1492 4991 1515 5035 1.
1592 4987 1689 5037 biblio·

399 5069 455 5132 pole
475 5075 532 5120 te.
587 5071 770 5138 ”quemdam
791 5077 814 5122 t.
864 5073 1031 5122 ³⁰inherent
1047 5076 1103 5121 1.2.
1152 5069 1292 5122 ²²Hoct.
1340 5073 1362 5104 ³³
1382 5081 1528 5138 exspectas
1549 5074 1602 5122 Μ.
1622 5074 1689 5140 ubiq.
