4367 6084
518 711 591 790 444
611 733 1538 788 cccnxxxvffl.strenuosissimus.cccnxxxtmmin.
1548 745 1811 788 suceessorum.

516 909 670 966 conlectum
694 927 751 965 suis
774 908 881 966 litteris.
913 911 983 965 uiuo
1006 928 1090 984 eques
1113 912 1180 972 iam,
1204 918 1234 965 nt
1256 911 1348 971 aiunt,
1370 911 1404 966 de
1426 911 1514 985 capite
1536 912 1716 985 periclitatur.
1753 921 1812 967 tuas

431 1016 432 1021 ¹
519 995 552 1049 ad
574 994 646 1050 hunc
668 994 774 1050 litteras
798 995 861 1049 mibi
887 996 1095 1052 transmiserunt
1117 1005 1145 1051 et
1167 996 1199 1050 atl
1221 996 1316 1052 ducem
1340 996 1486 1069 Georgium
1514 997 1632 1069 scriptas
1662 996 1743 1051 simili
1772 1014 1812 1052 ar·

519 1086 658 1152 gumento.
705 1078 801 1134 Verum
832 1096 926 1134 eorum
954 1098 1014 1153 qum
1045 1080 1114 1135 lucta
1144 1088 1208 1136 sunt
1236 1088 1299 1136 aute
1328 1088 1428 1136 sartam
1455 1081 1599 1137 amicitiam
1631 1099 1686 1137 uon
1715 1081 1811 1137 refrico

518 1164 684 1218 memoriam.
728 1162 780 1219 Fac
803 1163 838 1218 ita
862 1181 926 1236 agas
948 1165 1045 1238 nequis
1068 1165 1095 1219 in
1120 1174 1145 1220 te
1168 1168 1359 1238 synceritatem
1382 1183 1412 1221 ac
1435 1164 1512 1221 iidem
1534 1167 1688 1222 desideret:
1714 1167 1810 1221 etenim

519 1247 541 1302 si
564 1247 720 1303 constiterit
749 1256 775 1303 te
805 1248 895 1304 locato
923 1249 1012 1304 auimo
1047 1268 1151 1306 mecum
1179 1249 1294 1304 rediisse
1321 1249 1348 1303 in
1378 1250 1508 1321 gratiam.
1541 1251 1608 1306 satis
1636 1251 1739 1306 divinat
1768 1259 1833 1305 tuas

519 1332 664 1405 prudentia
687 1332 751 1405 quid
773 1332 806 1388 de
829 1341 855 1388 te
877 1334 985 1389 sensuri
1008 1334 1063 1389 sint
1085 1335 1138 1390 dar
1160 1336 1299 1407 ceterique
1322 1334 1459 1390 mortales.
1499 1337 1580 1391 alme
1595 1335 1664 1390 nibil
1680 1335 1726 1390 fiel
1741 1335 1809 1397 nori,

519 1417 571 1472 uisi
593 1434 636 1472 me
658 1417 691 1472 de
715 1425 762 1472 tuo
785 1418 874 1473 auimo
896 1436 947 1493 per
968 1418 1075 1474 litteras
1099 1419 1194 1475 leceris
1216 1419 1371 1475 certiorem.

1034 1668 1294 1683 α*-
1310 1673 1362 1678 υ---ν

536 1920 743 1958 suessionica.
975 1886 1352 1963 CCCLXXXVIIII.
1604 1904 1677 1971 [sa]
1696 1922 1720 1955 a.
1736 1916 1791 1955 ian.

516 1974 763 1983 -—--——-——
860 1980 865 1987 ,
1565 1976 1807 1985 ——-—-—

866 2062 1046 2119 uuseouslo
1069 2063 1199 2119 llENlllCl
1222 2062 1465 2119 EPPllENllORPll.

604 2199 707 2254 Literas
730 2209 839 2255 nostras
863 2198 912 2254 tibi
934 2216 989 2255 non
1012 2200 1131 2255 redditas
1154 2199 1294 2271 intelligo;
1323 2208 1415 2254 verum
1438 2197 1529 2272 accipe
1553 2199 1617 2272 quid
1641 2199 1835 2272 scripserimus

519 2283 579 2339 fidei
603 2292 630 2338 te
652 2291 679 2340 et
702 2285 773 2358 pacti
797 2284 940 2345 admonui,
975 2285 1047 2357 quod
1071 2293 1101 2340 tu
1125 2291 1199 2340 tauta
1229 2283 1364 2355 religione
1394 2285 1464 2338 inter
1494 2301 1544 2338 uos
1572 2293 1662 2339 actum
1694 2284 1747 2346 ais.
1779 2291 1806 2338 ut

519 2384 574 2423 nou
597 2370 685 2442 possit
708 2370 765 2424 sine
789 2387 893 2424 suruma
915 2368 1035 2442 perfidiae
1058 2377 1122 2424 nota
1145 2368 1248 2424 violari.
1294 2367 1374 2429 Vide.
1410 2367 1481 2423 bone
1503 2368 1556 2429 vir.
1591 2386 1672 2441 quarn
1703 2376 1729 2422 te
1758 2368 1807 2423 luis

455 2448 463 2458 ’
523 2452 585 2507 telis
606 2454 760 2514 confodias,
784 2455 903 2526 qui'nec
926 2461 1006 2527 pacto
1029 2454 1140 2509 steteris
1162 2460 1190 2509 et
1212 2452 1413 2509 reconciliatam
1437 2453 1570 2507 bonorum
1593 2453 1713 2508 virorum
1730 2469 1806 2526 opera

518 2537 661 2592 amicitiam
685 2538 816 2594 scelerata
840 2547 885 2593 tna
913 2538 1028 2612 epistola
1056 2539 1146 2593 ileuuo
1174 2538 1315 2594 dilaceras.
1359 2538 1496 2611 Scripsine
1525 2554 1643 2611 tauquam
1676 2537 1725 2592 tibi
1754 2554 1807 2592 mea

518 2621 635 2676 amicitia
658 2641 727 2696 opus
750 2635 827 2683 esse,'
851 2640 932 2695 quum
956 2631 986 2678 tu
1009 2632 1083 2678 tuam
1108 2631 1159 2677 laur
1184 2623 1355 2696 impudenter
1376 2622 1446 2695 apud
1470 2639 1511 2676 me
1535 2621 1658 2683 iactaris,
1685 2621 1834 2677 adiiciensrs

519 2714 637 2778 quantus
658 2707 696 2760 sis
720 2708 746 2761 iu
769 2708 946 2780 aspergendis
969 2707 1047 2762 bouis
1071 2708 1134 2761 viris
1157 2708 1267 2769 artilex,
1291 2715 1389 2780 putans
1412 2706 1516 2762 scilicet
1538 2706 1577 2761 sic
1600 2723 1651 2761 uos
1674 2724 1689 2761 a
1714 2705 1806 2761 tuenda

518 2790 717 2846 existimatione
739 2800 833 2845 nostra
855 2791 1002 2846 absterreri
1026 2794 1125 2865 posse?
1154 2791 1210 2864 Ego
1235 2800 1260 2846 te
1283 2791 1341 2847 laesi
1364 2807 1514 2864 nunqnam,
1545 2808 1628 2863 quum
1659 2799 1688 2845 tu
1712 2808 1762 2846 nos
1783 2793 1807 2844 et

519 2874 572 2928 vita
595 2875 714 2930 etfama
737 2874 816 2930 simul
841 2876 954 2949 perdere
977 2876 1078 2949 pertidc
1101 2884 1214 2932 conatus
1237 2894 1274 2931 es.
1319 2875 1380 2931 Scio
1404 2893 1457 2948 qua
1479 2876 1519 2930 via
1542 2875 1661 2948 paranda
1682 2876 1719 2930 sit
1735 2876 1806 2934 lama.

519 2958 624 3014 etiamsi
646 2967 677 3014 tu
702 2976 756 3013 non
780 2960 913 3015 iudicaris.
948 2960 1089 3015 Pecuniam
1112 2959 1225 3015 alienam
1248 2961 1288 3016 sic
1309 2968 1404 3034 capto.
1428 2968 1458 3014 ut
1480 2961 1561 3015 etiam
1584 2978 1650 3015 nreae
1669 2959 1806 3033 plusquam

519 3043 650 3117 profusus
673 3044 737 3105 sim.
766 3060 816 3099 uec
839 3044 905 3099 libet
928 3045 971 3100 liic
993 3045 1097 3100 reterre
1121 3045 1219 3117 quibus
1243 3044 1381 3100 laboribus
1404 3052 1432 3098 to
1457 3044 1505 3099 tibi
1534 3045 1709 3116 congesseris
1731 3054 1835 3117 pecu-ro

420 3144 425 3150 ·
520 3128 600 3184 niam.
638 3128 780 3183 subvenies
803 3129 845 3184 cui
870 3128 951 3190 selis,
980 3145 1030 3185 uec
1052 3139 1079 3184 te
1104 3130 1230 3203 impendii
1253 3130 1340 3184 nostri
1364 3146 1432 3200 rogo
1456 3130 1555 3202 pigeat.
1600 3128 1677 3195 Orrod
1706 3127 1807 3202 praesti·

521 3213 592 3274 tisli.
617 3213 689 3276 inita,
706 3213 814 3269 iubebat
836 3214 990 3269 concordia.
1026 3213 1092 3269 illud
1116 3231 1195 3287 quam
1216 3214 1344 3269 decorum
1369 3213 1416 3267 tibi
1441 3221 1513 3275 erat.
1537 3221 1563 3268 te
1586 3213 1704 3286 appello.
1738 3220 1806 3268 certe

520 3316 574 3354 non
596 3297 721 3372 pluribus
743 3315 888 3353 aureorum
911 3297 1020 3353 milibus
1049 3299 1198 3353 numeratis
1225 3316 1278 3371 ego
1307 3316 1339 3354 co
1367 3298 1438 3369 adigi
1470 3299 1638 3371 potuissem:
1674 3315 1734 3370 quaa
1763 3313 1807 3351 rm

519 3383 645 3438 fortassis
668 3384 740 3438 iuter
761 3384 885 3438 convivas
907 3383 1006 3438 excidit
1028 3383 1131 3438 bomini
1155 3383 1200 3455 qui
1223 3382 1291 3438 uibil
1314 3383 1383 3438 larua
1406 3382 1514 3437 eburius
1536 3383 1618 3437 ducit.
1655 3381 1706 3448 Qui
1723 3396 1808 3436 rumo-

519 3485 563 3522 res
585 3460 759 3523 erorti⁸sunt
782 3468 887 3529 nescio.
912 3467 1008 3541 quidve
1031 3468 1063 3522 ad
1087 3476 1113 3522 te
1136 3466 1251 3523 relatum
1274 3468 1325 3530 sit;
1348 3484 1400 3539 ego
1423 3484 1454 3520 ex
1478 3466 1632 3522 liuiusurodi
1657 3465 1807 3549 rumoribus
1816 3477 1836 3515 aa

518 3569 567 3607 nec
590 3553 687 3608 lamam
710 3569 760 3607 nec
783 3560 917 3625 quaestum
940 3568 989 3606 nec
1013 3560 1084 3606 tuam
1108 3569 1202 3624 quaro
1227 3552 1377 3613 iulamianr;
1401 3552 1473 3623 qrrod
1497 3551 1557 3606 inde
1579 3550 1727 3623 intelligis,
1751 3550 1808 3622 quia

518 3637 590 3711 pacti
613 3644 667 3692 taru
691 3654 753 3692 seru
775 3637 959 3697 meminerim,
990 3635 1057 3690 uibil
1079 3636 1168 3690 miuus
1192 3636 1314 3692 futurum
1336 3644 1435 3709 pateus
1458 3653 1537 3707 quoru
1560 3635 1633 3708 quod
1662 3636 1706 3691 bic
1735 3634 1808 3689 fidem

517 3721 699 3777 desiderarem
724 3730 804 3776 tuam.
849 3718 992 3777 librorum
1014 3739 1063 3777 nec
1085 3720 1192 3775 elluatus
1215 3738 1258 3782 es.
1283 3728 1310 3775 et
1333 3719 1450 3775 habebas
1474 3720 1546 3792 quod
1568 3720 1712 3775 commode
1735 3718 1808 3774 nobis

519 3805 631 3861 inscribi
653 3814 770 3879 poterat.
817 3805 949 3862 inscribas
971 3815 1081 3862 sanctos
1105 3822 1268 3878 severusque
1291 3804 1398 3860 labores
1421 3804 1464 3859 cui
1487 3803 1567 3864 velis,
1590 3821 1640 3859 nec
1657 3804 1723 3859 mibi
1740 3803 1808 3876 quic-

519 3907 598 3962 quarn
621 3907 683 3945 curn
706 3890 809 3946 ‘viduis’
830 3908 972 3947 commune
994 3899 1045 3946 est.
1090 3889 1161 3945 Bella
1191 3907 1251 3962 quae
1279 3889 1392 3944 subinde
1420 3905 1481 3943 cum
1511 3887 1648 3960 theologis
1677 3887 1837 3947 exhaurisso

520 3974 577 4029 ride
600 3990 634 4028 ue
657 3974 715 4046 ipse
739 3991 847 4047 quoque
871 3974 920 4029 tibi
943 3993 1073 4030 accersas.
1119 3983 1145 4029 at
1169 3974 1236 4029 nibil
1259 3975 1291 4029 ad
1314 3991 1365 4028 nos
1395 3974 1465 4034 baec.
1499 3973 1576 4028 bilem
1605 3972 1701 4028 saltem
1731 3973 1757 4027 in
1785 3979 1808 4025 te

520 4074 621 4130 quaero.
665 4057 718 4112 lam
743 4067 805 4113 tero
829 4076 960 4132 quorsum
983 4061 1081 4115 attinet
1104 4075 1232 4115 excusare
1254 4058 1392 4133 perlidiaru
1415 4066 1470 4112 tam
1491 4057 1585 4113 odiosa
1600 4057 1808 4131 comparatione.

519 4158 580 4196 eum
603 4139 707 4198 scilicet
729 4160 790 4197 esse
812 4143 958 4199 obnoxium
982 4143 1101 4217 perfidie
1124 4145 1170 4216 qni
1193 4143 1225 4198 ad
1247 4143 1426 4199 constitutum
1449 4142 1518 4198 diem
1542 4141 1663 4197 debitum
1686 4159 1741 4197 uon
1760 4141 1809 4196 dis·

519 4225 643 4288 solverit,
667 4227 739 4298 quod
763 4244 842 4283 neruo
864 4227 961 4283 melius
985 4247 1015 4284 ac
1037 4246 1089 4301 ego
1119 4230 1268 4303 noverim:⁸
1290 4227 1414 4282 obtestor
1442 4235 1467 4282 te
1498 4244 1546 4300 per
1574 4227 1672 4291 deum,
1705 4227 1749 4281 dic
1770 4223 1808 4280 cui

519 4309 629 4366 debeam
653 4309 723 4367 ultra
747 4313 938 4386 praescriptum
960 4313 1040 4368 dieur.
1085 4313 1107 4367 si
1131 4312 1278 4386 ignominia
1300 4320 1343 4367 est
1365 4311 1478 4372 elabere,
1502 4312 1615 4366 inlames
1635 4318 1700 4365 sunt
1716 4308 1837 4365 summisi

518 4412 598 4470 reges
620 4404 647 4452 et
670 4396 857 4470 imperatores.
902 4398 948 4453 sed
979 4406 1007 4451 tu
1036 4398 1074 4453 sic
1103 4397 1175 4452 soles
1204 4414 1342 4469 nunquam
1370 4413 1424 4451 uon
1447 4388 1527 4451 denti
1556 4395 1665 4451 laedere.
1712 4392 1809 4450 Arbitri

520 4481 585 4554 quid
608 4481 717 4537 iubeant
740 4483 900 4546 nescio;'tn
923 4483 976 4537 scis
999 4482 1063 4555 quid
1087 4492 1195 4555 pactum
1219 4490 1245 4537 et
1270 4481 1423 4535 innocentia
1453 4497 1511 4535 mea
1534 4478 1638 4552 erigat:
1668 4496 1723 4535 non
1746 4493 1809 4552 opus

683 4635 958 4715 occnxxxvr111.'
977 4664 1021 4712 cr.
1042 4665 1076 4713 aa
1095 4680 1166 4713 num.
1182 4663 1430 4713 cccnxxxvnr.
1453 4663 1512 4711 eor.
1533 4659 1644 4711 n.1...a.

586 4815 776 4882 ²Georgium]
808 4801 964 4867 Germaniae
984 4821 1008 4866 1.
1096 4815 1184 4866 ⁴Foc
1202 4815 1262 4882 etc]
1293 4816 1363 4865 Audi
1387 4814 1528 4865 homiliam
1552 4814 1686 4862 Reinerdi
1708 4812 1809 4876 Vulpis.

519 4899 669 4951 ⁵reddisse
690 4905 714 4951 1.

589 4984 609 5015 ¹⁴
628 4985 734 5050 Scripsi
754 5002 796 5034 me
817 4989 841 5033 1.
888 4986 1030 5051 Scripsisti
1054 5001 1193 5050 nunquam
1217 4989 1324 5037 eouieet.
1345 4988 1370 5034 3.
1395 5002 1444 5035 non
1467 4985 1538 5034 berre.
1598 4981 1619 5013 ¹⁵³
1643 4980 1728 5031 semel
1755 4980 1810 5029 edd.
1890 5009 1892 5013 ι

520 5075 613 5115 rectum
632 5070 693 5117 uidit
713 5073 737 5116 2.
788 5067 811 5098 ¹⁵
828 5073 885 5119 sint
904 5073 929 5122 3.
982 5070 1005 5103 ³⁰
1023 5070 1180 5137 Theologos
1200 5073 1224 5119 1.
1278 5069 1300 5102 ³⁸
1319 5070 1414 5119 ludere
1434 5074 1458 5119 1.
