4367 6084
495 739 693 792 cccxxxm.
715 756 836 792 suonam
849 755 952 791 sutem
965 753 1109 792 sponsos
1122 755 1296 791 nsennotsss
1311 754 1442 790 avonem.
1542 723 1615 796 269

323 913 423 970 dicam
445 915 527 971 ittam
551 913 712 972 libertatem
735 912 939 986 condonabam
957 914 1052 984 retati,
1073 928 1111 970 ac
1125 912 1264 985 temporis
1274 927 1439 984 propressu
1454 918 1617 969 correctum

324 1016 365 1070 iri
383 1014 552 1087 sperabam.
596 1014 736 1072 Videbam
757 1016 789 1073 in
810 1016 873 1072 eius
894 1015 1012 1087 scriptis
1034 1013 1179 1087 amplam,
1202 1012 1390 1090 splendidum
1415 1029 1453 1069 ac
1473 1021 1617 1086 paratam

324 1115 480 1173 uerborum
501 1117 724 1189 supeltectilem,
746 1123 865 1178 natura
885 1117 972 1186 sotis,
995 1116 1155 1185 rationem,
1177 1112 1318 1170 iudicium
1337 1120 1365 1170 et
1379 1115 1531 1171 consitium
1546 1131 1617 1187 spe-

323 1217 430 1274 rabam
465 1223 565 1287 oetate,
597 1233 652 1273 usu
679 1216 833 1290 studioque
863 1231 1031 1275 accessura.
1081 1214 1149 1272 Iam
1171 1215 1198 1271 si
1214 1216 1280 1287 quis
1300 1215 1479 1284 consideret,
1504 1233 1561 1288 quo
1585 1219 1615 1273 in
1627 1229 1685 1278 tm.

323 1324 404 1375 statu
430 1335 479 1375 res
502 1333 576 1375 meoe
600 1325 660 1374 tum
679 1316 798 1388 suerint
819 1324 906 1390 atque
931 1318 1121 1375 etiamnunc
1148 1316 1220 1386 sint,
1245 1331 1302 1388 quo
1327 1317 1391 1373 loco
1416 1333 1465 1373 res
1488 1316 1617 1387 liuberti,

323 1420 465 1477 nimirum
488 1418 681 1492 prudentiam
708 1418 851 1477 iudicabit
875 1418 1037 1490 deprecari
1055 1418 1245 1490 colloquium,
1268 1417 1349 1489 quod
1369 1419 1459 1475 ttttcri
1478 1421 1516 1475 sit
1536 1421 1618 1476 ocio·
1645 1457 1649 1465 -

323 1537 404 1592 sum,
434 1522 525 1578 atteri
550 1534 722 1586 onerosum·
753 1526 782 1577 et
809 1520 987 1577 inhumanus
1015 1518 1160 1576 uidebitur
1187 1534 1244 1576 non
1268 1520 1321 1590 qni
1347 1519 1535 1593 deprecatur,
1566 1521 1620 1578 sed

324 1624 377 1695 qni
402 1623 579 1695 deprecanti
597 1623 747 1680 irascitur.
801 1622 907 1678 t'erum
930 1627 1017 1691 urpet
1040 1636 1086 1678 me
1107 1619 1253 1678 Huttenus
1274 1635 1337 1677 meo
1363 1623 1538 1693 testimonio,
1567 1624 1686 1694 quises.

324 1723 489 1781 candorem
512 1724 606 1798 ipsius
627 1723 838 1796 predicarim
863 1721 943 1795 qttod
961 1723 1105 1779 nemiuem
1127 1723 1229 1779 solitus
1249 1723 1287 1779 sit
1307 1721 1475 1792 depraoure
1496 1723 1618 1781 inuidia.

310 1824 436 1881 >Fateor
462 1840 481 1881 a
507 1840 552 1882 me
576 1815 778 1898 predicatum
804 1825 1013 1895 inperauitatem
1039 1822 1175 1894 fluitem,
1206 1825 1259 1896 qui
1281 1839 1347 1881 cnm
1380 1825 1484 1881 centeri
1509 1825 1620 1882 tibettos

326 1928 491 1984 emitterent
510 1934 563 1983 aut
582 1928 672 1983 nullis
694 1933 748 1983 ant
764 1926 841 1996 fictis
862 1925 968 1996 titulis,
996 1926 1059 1998 ipse
1079 1941 1133 1983 suo
1154 1926 1236 1982 tituto
1256 1924 1359 1982 addito
1375 1932 1492 1997 prieter
1512 1942 1543 1984 se
1563 1943 1619 1983 ne-

327 2028 433 2083 minem
453 2036 598 2098 pravaret
614 2028 788 2103 suspicione.
826 2025 904 2095 Ouid
922 2027 996 2083 istuc
1018 2026 1061 2083 ad
1078 2026 1158 2084 banc
1178 2021 1324 2084 causanti
1351 2025 1386 2082 Si
1401 2026 1527 2084 laudaui
1539 2036 1686 2085 cart-§.ns

312 2104 429 2184 'dorem
454 2129 484 2183 in
508 2115 653 2198 Ilatteno,
679 2144 716 2184 ea
738 2144 786 2185 res
813 2129 895 2185 illum
922 2142 1041 2185 mouere
1069 2127 1205 2198 debebat,
1232 2142 1269 2183 ue
1290 2126 1339 2184 nte
1360 2135 1435 2185 esset
1461 2130 1509 2185 sui
1529 2129 1620 2186 dissi-

328 2230 421 2286 milis:
454 2230 567 2301 siquis
588 2229 692 2287 laudet
719 2231 817 2286 vinnm
836 2228 977 2302 probum,
1006 2245 1045 2285 an
1076 2230 1101 2286 is
1120 2234 1187 2301 post
1206 2227 1396 2286 accusabitur
1417 2232 1568 2299 instititutis,
1595 2232 1623 2288 si
1644 2298 1649 2308 ¹

310 2331 481 2404 scontinpat
500 2332 598 2387 trinum
620 2325 778 2387 acescere?
812 2328 928 2387 Utinam
948 2329 996 2388 bic
1017 2336 1131 2387 tontum
1150 2345 1196 2387 me
1217 2345 1324 2386 canum
1346 2331 1527 2389 reddidisset
1541 2331 1621 2390 llut-

329 2438 419 2488 tenus.
469 2429 567 2502 Ultro,
596 2434 704 2504 inquit,
732 2431 936 2489 abstinuissem
965 2432 1003 2489 ab
1023 2447 1060 2489 ea
1086 2434 1247 2505 voluptate,
1276 2447 1366 2503 quam
1386 2447 1538 2507 nunqnam
1561 2440 1688 2506 nontin.
1760 2445 1769 2465 ·

329 2534 416 2606 capio
443 2549 483 2590 eac
511 2548 671 2604 conpressu
693 2540 756 2604 tuo,
778 2534 806 2590 si
824 2533 959 2590 uidissem
986 2533 1056 2590 inde
1083 2540 1111 2591 te
1132 2531 1322 2605 protundum
1344 2533 1468 2590 inuidia.
1513 2534 1577 2593 Iloc
1595 2538 1623 2592 si

328 2642 431 2718 sponte
451 2650 508 2692 sua
527 2632 670 2704 facturus
690 2640 771 2704 erat,
793 2650 882 2707 quum
903 2641 1014 2693 constet
1032 2642 1164 2692 nostrum
1185 2624 1360 2708 coliopuium
1381 2637 1494 2693 inuidia
1515 2652 1622 2695 carere

329 2751 388 2793 non
414 2737 556 2810 potuisse,
581 2753 637 2793 cur
659 2735 834 2808 indipnatur
855 2736 941 2807 mibi,
969 2738 1022 2809 qni
1046 2737 1102 2794 boc
1128 2745 1188 2793 tom
1215 2739 1339 2796 ciuiliter
1364 2737 1569 2796 admonuerim
1591 2744 1622 2795 ut

310 2835 449 2908 ssoceret
474 2837 554 2910 quod
580 2838 630 2896 itte
655 2839 700 2895 oet
725 2853 784 2894 non
812 2839 937 2895 monitus
963 2845 1030 2896 erat
1052 2833 1216 2908 facturus?
1253 2838 1329 2907 Quos
1356 2840 1487 2898 inimicos
1514 2840 1689 2906 ituantem.

330 2937 491 3009 Huttenus,
518 2953 577 2995 non
598 2939 737 3010 exquiro,
766 2955 822 2997 nec
843 2938 916 2996 aiibi
938 2939 1066 3012 perinde
1087 2938 1126 2996 ab
1152 2940 1210 2997 tttts
1231 2940 1372 2998 inuidiam
1398 2947 1510 3009 metuo,·
1546 2936 1623 2999 *sed

330 3039 380 3098 bic
395 3055 572 3111 conpressus
586 3024 823 3113 permanaturas
843 3047 910 3099 erat
923 3039 1047 3098 Romam
1069 3041 1114 3098 ad
1127 3042 1312 3114 pontificem,
1334 3043 1365 3098 in
1381 3041 1560 3115 Hispaniam
1581 3043 1624 3100 ad

332 3141 495 3212 Censorem,
525 3142 554 3199 in
578 3140 791 3212 Brabautiam,
822 3142 872 3200 ubi
895 3148 1029 3200 strenuos
1054 3140 1148 3198 babeo
1176 3142 1389 3215 sycopbantos,
1422 3146 1451 3200 in
1475 3144 1621 3214 Anptiam,

331 3243 382 3299 nbi
401 3258 459 3299 non
481 3242 621 3313 deficiunt
642 3245 694 3315 qui
713 3258 758 3300 me
779 3245 918 3302 volentem
939 3245 1081 3300 notantem
1100 3241 1222 3313 saciant
1239 3242 1461 3300 Lutberanum:
1494 3246 1522 3301 si
1537 3260 1622 3317 pau-

310 3345 425 3415 siutum
447 3348 492 3400 est
515 3345 590 3415 ueri,
622 3345 715 3400 multa
736 3347 830 3403 solent
857 3344 983 3416 a‘sfinpi:
1015 3342 1184 3400 huiusmodi
1207 3359 1358 3401 rumorum
1387 3344 1529 3401 inuidiam
1557 3360 1622 3401 me-

331 3444 456 3503 tuebom.
500 3443 540 3501 Id
556 3447 629 3502 sotis
645 3447 817 3518 perspicere
831 3447 928 3518 potuit
951 3443 1097 3502 Iluttenus
1119 3460 1158 3501 en·
1180 3446 1252 3502 meis
1272 3444 1315 3500 od
1331 3444 1495 3502 laurinum
1519 3447 1690 3510 literissu.

335 3546 413 3615 (mid
431 3548 509 3620 opis,
532 3548 640 3619 inquit,
667 3562 769 3620 speres
791 3545 829 3603 ab
850 3562 884 3604 eo
904 3547 999 3603 amico
1020 3548 1050 3603 in
1072 3547 1159 3603 rebus
1181 3544 1318 3617 afflictis,
1348 3547 1400 3618 qui
1418 3546 1505 3603 rebns
1524 3522 1624 3604 adbuc

332 3649 456 3719 intepris
481 3661 658 3721 conpressus
684 3648 827 3705 inuidiam
851 3642 1012 3705 detrectet?
1042 3647 1108 3705 Imo
1131 3649 1176 3705 att
1200 3652 1269 3703 sunt
1289 3648 1380 3705 arnici
1398 3649 1555 3704 certissimi
1573 3649 1626 3720 oui

332 3765 364 3807 se
389 3764 511 3807 seruare
540 3759 648 3807 norunt
679 3750 808 3821 intepros
839 3750 1003 3818 occasioni,
1035 3749 1078 3805 ibi
1103 3750 1234 3805 timentes
1259 3751 1440 3820 periculum,
1474 3750 1524 3806 ubi
1550 3749 1625 3807 nibil

310 3850 545 3909 scommoditatis
574 3852 612 3908 sit
637 3852 742 3908 nimico.
786 3849 850 3907 Non
877 3852 954 3907 enim
976 3866 1055 3908 tenne
1076 3850 1204 3918 dissero,
1234 3866 1322 3926 quam
1349 3853 1395 3909 itti
1419 3866 1468 3908 res
1493 3853 1551 3908 sint
1572 3853 1692 3915 in-sas.

331 3961 440 4024 tepra’:
476 3958 555 4010 certe
576 3952 704 4024 optarim
727 3952 772 4009 tttt
791 3951 994 4021 secundiores,
1016 3949 1103 4010 modo
1125 3953 1188 4025 ipse
1206 3952 1266 4010 sibi
1284 3959 1382 4010 sumat
1401 3954 1531 4010 antimum
1550 3952 1623 4024 sot·-

333 4062 406 4111 tnuo
431 4055 551 4111 metiore
573 4053 705 4124 dipnum.
756 4051 875 4122 Omnes,
903 4056 1011 4126 inquit,
1038 4056 1235 4125 pratutantur
1257 4053 1399 4124 Hutteno,
1433 4056 1625 4127 mapistratus

332 4157 412 4212 retius
433 4166 524 4227 super·
545 4157 636 4212 alium
660 4161 830 4212 reverenter·
850 4154 976 4225 adeunt,
999 4156 1085 4212 multi
1106 4157 1234 4213 omnium
1258 4156 1395 4213 ordiinum
1416 4159 1503 4229 quasi
1522 4164 1626 4214 certa-

333 4258 383 4313 tim
412 4258 558 4313 irrnentes
585 4256 727 4326 invisunt,
755 4258 834 4313 sotus
855 4255 999 4313 Erasmus
1027 4258 1161 4313 clausum
1183 4274 1215 4313 se
1236 4256 1316 4312 ditati
1342 4263 1426 4314 tenet.
1474 4257 1543 4326 (inis
1565 4273 1692 4322 itit-sni.

312 4373 424 4430 squam
454 4357 526 4414 uidit
553 4356 711 4414 Erasmum
741 4355 854 4414 brumae
886 4362 1016 4430 tempore
1048 4358 1202 4414 salutandi
1228 4358 1330 4427 pratia
1361 4357 1487 4429 prodire
1519 4354 1626 4414 domo?

334 4459 449 4516 Iieinde
477 4475 534 4516 non
568 4466 611 4514 est
641 4472 737 4515 meum
768 4459 885 4515 eleuare
914 4458 1125 4514 ierintanitutem
1159 4459 1385 4528 tttapistrotuunt
1416 4457 1503 4513 bunis
1536 4458 1625 4521 urbis,

332 4575 422 4633 quam
451 4566 480 4616 et
505 4575 560 4630 epo
584 4574 641 4616 non
670 4560 760 4616 semel
780 4565 922 4631 expertus
943 4574 1024 4614 sum:
1056 4552 1146 4613 *erat
1164 4572 1283 4628 maome
1304 4556 1496 4613 bttmttnitutis
1514 4555 1625 4627 fateor,

331 4661 414 4734 quod
427 4659 585 4717 Hnttenum
607 4659 804 4730 admiserunt,
827 4659 882 4716 sed
900 4660 1022 4715 maioris
1044 4657 1124 4729 qitod
1144 4657 1326 4716 dimiserunt.
1362 4656 1478 4713 Addam
1501 4664 1530 4714 et
1551 4658 1629 4713 ittnd

331 4763 448 4833 tuendis,
482 4763 606 4819 ‘ntolnnt
634 4760 689 4819 boc
717 4776 801 4818 suum
829 4759 962 4831 osticium
987 4760 1071 4817 sileri
1097 4774 1186 4830 qinom
1208 4755 1348 4815 iactari:
1373 4773 1410 4815 eo
1438 4765 1482 4815 est
1509 4760 1626 4817 illorum

310 4864 486 4921 amodestiu.
527 4844 667 4922 *Utinam
689 4869 787 4920 autem
808 4860 953 4919 Iluttemts
972 4863 1015 4918 sic
1036 4865 1245 4931 sescuncia,
1269 4865 1302 4916 ut
1323 4859 1463 4917 bonorum
1485 4861 1695 4927 bomani-nos.

415 4989 537 4996 .-—--—-

403 5008 743 5111 sompnum&
792 5043 988 5105 aloensis.
1041 5042 1393 5108 ”cremans-eosq.
1429 5041 1625 5104 ”thiasus
