4367 6084
394 743 592 794 cccxxxvi
605 760 640 794 ax
651 758 771 793 oasunar
784 758 860 793 arat.
871 758 905 793 ar
919 757 1058 793 aeranem
1072 756 1179 792 scottia.
1191 757 1334 792 axeuarrn
1349 757 1383 791 os:
1395 758 1477 793 nvrr.
1491 759 1594 795 arcura.
1616 728 1689 800 353

390 924 573 991 consumptus
596 916 716 978 Gallico,
740 926 767 972 et
789 917 816 972 in
840 915 914 971 lacus
938 915 1059 988 Tigurini
1083 914 1185 976 insula.
1215 915 1262 971 ubi
1285 933 1372 989 nuper
1394 918 1577 991 epitaphium.
1601 917 1686 974 nubili

391 1002 509 1075 quonam
532 1002 636 1057 l‘rauco
660 1009 824 1075 procurante
847 1000 928 1074 lapidi
952 999 1116 1074 sepulchrali
1140 999 1253 1055 incisum
1277 1000 1310 1055 ab
1337 1001 1429 1056 etnicis
1458 1003 1561 1058 uostris
1590 1003 1613 1056 ei
1637 1020 1687 1075 po·

390 1089 474 1141 situm
497 1095 552 1147 est.
576 1087 618 1141 his
642 1086 729 1141 verbis
931 1147 934 1151 ,

621 1170 668 1226 llic
689 1188 773 1243 eques
796 1179 908 1226 auratus
931 1169 1017 1231 iacet,
1042 1177 1190 1242 oraturque
1211 1169 1338 1229 nisenus.

680 1255 815 1310 lluttenus
838 1263 924 1316 vates,
946 1253 1065 1309 carmine
1087 1262 1115 1308 et
1137 1258 1201 1310 ense
1224 1262 1330 1329 potens.

459 1368 610 1432 Enernptnm
629 1368 795 1418 Gesneriauae
816 1368 874 1418 etet.
893 1368 980 1434 sipuri
996 1383 1062 1416 anno
1081 1369 1159 1416 157t.
1183 1369 1276 1417 eduum
1297 1368 1344 1417 hee
1362 1369 1513 1432 epitaphium
1531 1384 1579 1417 nou
1597 1369 1686 1425 habet:

390 1453 441 1502 aed
456 1455 535 1502 simite
554 1456 709 1516 epigramata
726 1459 765 1501 est
783 1452 894 1517 Aegidii
912 1453 1058 1502 Periandri
1078 1453 1227 1515 (Germania
1239 1469 1269 1516 p.
1283 1450 1372 1516 833.):

658 1557 727 1612 Ense
750 1565 863 1630 potens,
887 1577 1020 1632 versuque
1042 1545 1158 1632 potens,¹
1179 1575 1208 1613 es
1230 1556 1290 1629 lege
1313 1557 1418 1630 potenti

732 1641 880 1704 Strenuus,
905 1645 994 1699 oranti
1016 1661 1065 1699 vox
1090 1642 1138 1697 tibi
1161 1642 1242 1697 sortis
1259 1640 1328 1696 abit.

352 1772 380 1809 tu
459 1755 629 1820 „Aliquanto
647 1763 709 1821 post
728 1756 824 1818 (verba
842 1764 906 1807 sunt
923 1756 1098 1807 Burekhardi
1110 1757 1166 1805 vn.
1181 1757 1259 1804 Hutt.
1273 1755 1310 1804 11.
1324 1772 1349 1819 p.
1367 1753 1425 1804 265.
1445 1761 1499 1806 aiot.
1519 1757 1558 1819 li.)
1577 1757 1685 1807 Nobilis

389 1841 515 1889 Francus
534 1842 658 1903 curarit,
681 1847 712 1890 ut
735 1858 751 1890 a
769 1842 912 1907 Tigurinis
930 1841 1133 1908 professoribus
1157 1841 1243 1890 hocce
1269 1839 1439 1904 epitaphium
1464 1840 1684 1891 celebratissima

390 1923 516 1989 populari
535 1940 584 1973 auo
603 1926 722 1990 pestium
740 1927 791 1975 ait:
824 1968 832 1982 ,

657 2030 722 2092 „ttie
737 2029 825 2102 Eques
847 2038 957 2086 auratus
981 2032 1061 2092 iacet.
1085 2038 1232 2103 oraturque
1247 2029 1380 2084 disertus:

739 2114 894 2176 „lluttenus
916 2123 989 2171 vates
1011 2115 1129 2172 carmme
1150 2122 1178 2169 et
1201 2131 1265 2169 ense
1287 2113 1412 2186 potens.”

350 2227 378 2265 ¹⁵
459 2227 536 2277 Idem
547 2228 743 2277 Burckhardns
762 2228 789 2277 in
803 2209 946 2279 Analectis
965 2229 999 2278 ud
1012 2231 1091 2278 Hutt.
1105 2229 1155 2277 vit.
1169 2227 1233 2277 Hal.
1250 2226 1322 2276 lisil.
1335 2226 1372 2275 8⁰.
1387 2227 1470 2276 editis
1483 2243 1508 2292 p.
1523 2228 1564 2277 54.
1579 2229 1683 2278 adiecit

388 2312 450 2373 ‚‚Io.
469 2312 526 2361 Iac.
551 2312 724 2361 Scheuehzer
748 2313 776 2360 in
799 2313 903 2361 Itinere
923 2313 1023 2377 Alpino
1046 2318 1146 2363 octavo
1177 2328 1221 2361 an.
1247 2310 1319 2360 1710.
1344 2312 1446 2376 (Lugd.
1465 2313 1527 2362 But.
1550 2311 1621 2362 1723.
1646 2314 1682 2362 4⁰.

388 2395 454 2444 ltin.
468 2396 544 2447 VIII.
558 2412 584 2460 p.
597 2396 656 2445 527.
671 2398 723 2460 aq.)
742 2403 875 2445 :incinerat
893 2398 935 2445 ‘In
948 2395 1097 2461 Us'naugiae
1116 2395 1206 2445 insula
1224 2400 1345 2444 mortuus
1358 2395 1460 2445 dicitur
1471 2396 1497 2444 d.
1513 2395 1534 2445 l.
1548 2398 1624 2461 Sept.
1636 2385 1682 2447 ian.

388 2491 435 2528 cro
449 2492 476 2528 ro
489 2496 562 2529 xxm
585 2482 677 2544 Eques
701 2482 838 2541 Francus,
864 2480 980 2530 illustris
1005 2487 1033 2529 et
1051 2481 1182 2546 prosapia
1201 2486 1229 2529 et
1246 2479 1386 2542 doctrino,
1412 2480 1560 2530 Huhlricue
1583 2483 1682 2530 Htitte·

389 2578 454 2624 uua,
479 2564 572 2628 ibique
591 2563 724 2629 sepultus.
760 2565 940 2629 Epitaphium
959 2566 1018 2613 eius
1041 2563 1141 2629 [paullo
1159 2571 1218 2613 unte
1236 2561 1387 2629 eahilitum]
1410 2569 1543 2613 memorat
1559 2565 1684 2630 Wagner

349 2644 379 2686 ²⁰
389 2650 509 2698 Mercur.
522 2648 634 2697 Heluet.
648 2665 673 2713 p.
688 2647 729 2697 34.
766 2649 843 2697 Nrrne
863 2654 956 2697 nutem
974 2663 1026 2697 nec
1045 2649 1078 2697 dc
1098 2648 1244 2713 sepulchro
1262 2664 1314 2697 nec
1333 2647 1366 2697 do
1381 2649 1523 2713 epitaphio
1536 2650 1682 2714 quicquam

388 2733 507 2798 amplius
525 2733 655 2782 visitur.‘⁴
690 2729 765 2799 [Hoc
783 2734 881 2797 quidem
900 2733 973 2781 hodie
992 2749 1089 2797 puroque
1108 2749 1203 2793 uerum,
1225 2750 1371 2799 quiunquam
1389 2735 1503 2783 iniustum
1521 2740 1567 2782 est.
1569 2730 1585 2797 J

456 2817 601 2865 Commode
620 2816 646 2865 h.
661 2817 678 2865 l.
693 2817 865 2881 adponentur
883 2816 943 2866 haec
968 2833 999 2864 ox
1019 2817 1153 2866 Iteusneri
1171 2817 1314 2877 leonibus,
1341 2819 1519 2882 Argentornti
1540 2817 1613 2868 1587.
1632 2818 1678 2879 8“.,

386 2900 434 2950 ribi
453 2902 571 2950 Hutteni
590 2901 700 2965 efligies
717 2901 790 2950 hanc
809 2902 1038 2967 subscriptionem
1057 2901 1156 2950 liubet:

646 3005 738 3061 llartis
760 3024 846 3068 cram,
871 3004 948 3062 timul
970 3014 998 3060 et
1020 3005 1152 3060 Musarum
1175 3006 1255 3061 sortis
1277 3006 1415 3062 alumnus:

349 3108 377 3147 aa
697 3090 835 3147 Laureolus
856 3091 938 3146 ‹lecus
961 3089 1022 3146 hinc
1045 3107 1115 3144 nuuc
1138 3089 1254 3166 utriusq)
1278 3092 1345 3146 iero.

929 3191 960 3229 ra.
974 3191 1003 3230 n.
1021 3190 1133 3230 xxxma.

454 3289 486 3337 In
506 3304 605 3368 auersa
624 3290 746 3339 eiusdem
766 3289 827 3339 solii
846 3289 949 3354 pagina
968 3253 1083 3353 legitur:

787 3409 993 3450 avuonrcuvs
1017 3407 1187 3449 nvrruuve
1210 3408 1281 3456 th'.

748 3480 896 3543 Francus,
920 3485 1005 3532 nutus
1024 3496 1100 3533 titano
1123 3485 1154 3527 M.
1167 3484 1304 3528 CCCCXIIC.

688 3564 802 3636 Optimis
824 3562 946 3618 eruditus
969 3561 1072 3617 artibus
1095 3561 1235 3617 omnihus:
1259 3561 1376 3616 Minorut

797 3643 799 3645 ’
891 3647 958 3702 duce
980 3664 1011 3701 ac
1034 3647 1173 3720 Magistrt:

645 3730 796 3787 literarum
819 3732 934 3805 puriter.
959 3728 984 3786 tt
1006 3748 1143 3786 armorum
1167 3731 1297 3804 praestans
1319 3728 1421 3804 gloria:

807 3832 827 3871 a
848 3831 926 3872 orno
951 3831 1211 3872 unxnaurcrauo
1236 3831 1256 3869 1.

956 3901 1019 3956 lires.
1037 3903 1104 3973 hug.

630 3984 670 4039 ub
692 3984 849 4040 excellentis
873 3985 972 4057 ingenii
996 3986 1061 4046 irim,
1084 4004 1115 4041 ac
1137 3984 1259 4057 probatae
1281 3984 1389 4040 virtutis
1412 3983 1438 4039 in

769 4068 841 4124 hello
865 4069 966 4124 Veneto
989 4069 1093 4125 tannem
1118 4069 1295 4142 singularem:

689 4152 721 4207 Et
743 4153 826 4208 Poeta
848 4151 940 4214 lauru.
964 4151 990 4209 ir
1012 4154 1100 4227 Eques
1123 4172 1189 4209 auro
1211 4163 1373 4210 eorurratus:

673 4237 826 4293 Acerrimus
848 4245 1039 4311 propugnator
1059 4239 1210 4293 cummunis
1232 4238 1381 4294 libertatis:

666 4321 815 4394 Religionis
837 4321 944 4382 vindex,
967 4312 1084 4395 fideique
1107 4330 1188 4377 rectae
1210 4323 1382 4378 constantiis:

641 4405 760 4460 Partium
784 4406 887 4479 semper
909 4406 1041 4461 studiosus
1063 4423 1092 4460 ac
1114 4406 1240 4461 ‹leteulor
1262 4405 1407 4461 bonarum:

775 4504 928 4546 uvsanvn
947 4504 965 4543 a
986 4504 1175 4545 cnarraavu
1195 4488 1289 4544 iliaru-

846 4573 961 4647 phantee
984 4571 1217 4645 incomparabilis:

651 4658 723 4730 tthijt
744 4676 816 4714 anno
836 4657 932 4713 Christi
955 4674 986 4711 u.
998 4674 1029 4712 n.
1044 4672 1133 4711 xxru.
1157 4656 1189 4710 ll.
1206 4655 1298 4710 Sextii,
1315 4653 1410 4728 Sepul-

682 4753 725 4798 tus
749 4744 775 4797 iu
799 4743 883 4797 lacus
906 4742 1029 4814 Tigurini
1053 4739 1140 4795 Insula
1163 4739 1286 4802 vtnavta,
1310 4744 1323 4794 a
1348 4741 1373 4794 se

802 4825 961 4894 llutteniett‚
985 4825 1062 4882 nouit
1084 4824 1266 4880 denommatl.

443 5109 576 5162 Hrrranr
595 5110 663 5162 Ore.
684 5124 747 5161 vor..
764 5108 800 5159 n.
887 5152 890 5160 ,
