4367 6084
500 712 546 787 82
691 729 795 780 CCLX.
814 744 937 781 everam
956 746 993 781 un
1011 746 1158 783 nnnrrnru
1173 747 1302 783 ercam
1315 746 1358 782 ce.
1373 746 1398 781 n.
1412 738 1433 780 ι.
1448 745 1524 781 saec.
1540 737 1599 781 rael.
1632 730 1637 739 ”

439 917 485 967 §.a
501 920 602 962 unum.
648 901 718 960 Vide
741 910 772 960 ιιι
795 903 916 961 allectus
938 903 975 961 sit
1004 921 1073 980 erga
1102 910 1144 970 te,
1179 904 1224 963 cui
1248 910 1278 963 tu
1307 901 1458 980 praetulisti
1486 902 1618 961 nondum
1650 900 1791 976 cognitos.

499 1022 566 1064 cum
589 1003 658 1062 buic
680 1002 861 1062 adsuerisses
883 1005 949 1062 iarn.
995 1004 1079 1075 Quod
1105 1005 1159 1063 nisi
1182 1004 1313 1072 fecisses,
1337 1007 1394 1064 iam
1417 1022 1497 1062 esses
1511 999 1671 1063 Landstalli
1694 1008 1794 1077 pastor

498 1112 545 1166 tu:
570 1112 704 1164 rnortnns
727 1111 770 1164 est
793 1104 870 1162 enim
893 1104 1069 1181 podagricus
1091 1103 1139 1164 ille
1162 1106 1247 1183 eique
1268 1107 1409 1165 successit
1432 1125 1467 1164 eu
1490 1105 1638 1165 Francisci
1666 1100 1794 1161 liber-ali·

498 1214 556 1266 tate
580 1204 715 1265 Nicolaus
736 1203 784 1264 ille
807 1204 944 1274 aStallo,
969 1207 1018 1283 qui
1042 1213 1138 1265 tamen
1162 1207 1283 1266 daturus
1307 1207 1357 1266 tibi
1380 1214 1424 1266 est
1446 1206 1598 1266 ecelesiam
1621 1203 1796 1280 interposito

499 1308 647 1385 pensionis
669 1314 770 1384 pacto:
795 1324 958 1384 perquem
981 1326 1035 1385 ego
1058 1307 1177 1367 modum
1201 1308 1332 1367 futurum
1355 1327 1413 1367 non
1437 1309 1537 1368 dubito
1560 1309 1630 1385 quin
1647 1314 1679 1364 tu
1695 1311 1796 1381 pastor
1810 1323 1828 1360 s

500 1410 617 1468 iuttnus
647 1410 701 1476 sis;
736 1424 803 1467 nam
834 1406 873 1466 illi
900 1407 1021 1468 donabit
1043 1409 1217 1470 Franciscus
1245 1409 1323 1470 aliud
1351 1410 1504 1488 quiddam,
1538 1412 1586 1488 qui
1610 1407 1718 1483 alioqui
1742 1422 1796 1482 per

400 1493 421 1536 ⁸
441 1517 484 1566 §.t
500 1510 659 1569 domestica
683 1510 798 1586 negotia
821 1510 946 1586 pastoris
968 1510 1096 1569 officinm
1120 1509 1197 1569 baird
1221 1512 1313 1587 possit
1335 1510 1417 1570 obire
1433 1509 1578 1570 Nicolaus.
1623 1507 1716 1586 igitur
1737 1505 1796 1564 rel-

500 1610 556 1670 lem
580 1610 682 1670 adesse
705 1618 748 1679 te,
772 1618 802 1669 ut
827 1610 889 1670 lucc
911 1627 1075 1687 ageremus.
1122 1611 1174 1670 l'ix
1197 1614 1310 1689 uspiam
1332 1631 1434 1690 posses
1449 1610 1631 1672 commodius
1646 1611 1677 1668 in
1692 1608 1797 1667 studiis

501 1713 725 1790 conquiescere,
760 1719 846 1790 atquc
874 1710 953 1772 alere
983 1720 1097 1782 tecum,
1130 1714 1208 1791 quod
1237 1715 1393 1792 proponis,
1427 1720 1564 1791 parentes
1596 1718 1673 1770 tuos.
1723 1708 1804 1767 blire

501 1798 633 1874 amenus
655 1821 698 1872 est
720 1812 802 1872 locus
825 1821 853 1872 et.
875 1814 914 1872 ibi
937 1812 1066 1890 perfacili
1089 1821 1207 1891 sumptu
1232 1815 1326 1873 rivere
1349 1813 1425 1873 licet.
1463 1816 1520 1874 iam
1540 1814 1646 1872 domus
1662 1810 1712 1870 tibi
1729 1817 1795 1876 stat,
1817 1824 1868 1884 eo

501 1922 533 1975 ut
556 1913 627 1982 illic,
651 1915 813 1989 magnilica.
859 1915 889 1973 Si
912 1914 1023 1974 abitum
1045 1921 1130 1991 potes
1160 1916 1333 1992 impetrare,
1368 1935 1421 1975 oro
1449 1916 1496 1975 bic
1524 1914 1683 1981 accedere,
1721 1911 1799 1969 iutra

442 2020 486 2069 §.a
502 2016 563 2076 XX.
587 2016 683 2075 adbuc
706 2015 783 2075 diem
806 2014 928 2075 habebis
951 2034 997 2075 me
1020 2017 1049 2074 in
1072 2015 1118 2074 his
1140 2016 1318 2093 regionibus.
1364 2024 1392 2075 et
1413 2019 1463 2076 fiet
1485 2017 1560 2076 sorte
1588 2024 1620 2074 nt
1647 2015 1677 2072 in
1701 2020 1797 2072 castra

502 2118 608 2178 ducam
630 2124 658 2176 te
681 2117 717 2176 ad
740 2117 944 2177 Francisoum:
973 2134 1040 2175 nam
1068 2115 1117 2175 ibo
1148 2125 1302 2195 postquam
1332 2117 1533 2195 (prosperante
1556 2117 1681 2195 Cbristojt
1712 2133 1799 2174 recu·

502 2228 602 2297 perata
624 2220 682 2280 buc
705 2217 813 2279 latendi
836 2236 921 2277 causa
945 2225 1002 2284 est,
1028 2217 1162 2277 valetudo
1183 2238 1270 2296 qrram
1287 2238 1368 2279 curo.
1407 2219 1491 2295 bpud
1506 2216 1708 2277 Tbeobaldum
1725 2215 1798 2274 Vor-

502 2322 596 2381 matiae
619 2328 669 2381 urit
691 2319 836 2380 Tilonium
860 2319 971 2379 edisces
994 2318 1105 2378 latibuli
1128 2303 1235 2380 locum.
1280 2299 1418 2380 Nonduni
1440 2321 1509 2378 satis
1530 2318 1659 2379 intellexi
1686 2336 1746 2395 quo
1770 2318 1800 2375 in
1818 2327 1859 2364 ¹5»

502 2429 578 2483 statu
601 2424 637 2482 sit
659 2419 784 2490 bellum,
808 2421 859 2480 sed
882 2440 948 2480 mor
973 2428 1043 2498 puto
1067 2419 1192 2481 aderunt
1214 2442 1229 2481 a
1254 2421 1374 2481 Nicelao
1402 2420 1498 2482 litera
1522 2403 1629 2499 quibus
1657 2439 1704 2479 mc
1734 2436 1800 2477 cer·

449 2527 609 2583 ustionem
639 2522 751 2582 reddet.
802 2524 834 2582 ln
863 2524 1018 2584 Germania
1048 2523 1179 2581 inferiori
1213 2523 1331 2582 cottidie
1367 2525 1472 2583 erescit
1500 2522 1663 2590 LutberuS,
1702 2538 1800 2597 neque

504 2633 602 2684 tamen
624 2642 747 2702 usquam
771 2625 862 2710 tnagis
886 2624 1045 2684 Lutlrerani
1067 2631 1135 2683 snut
1157 2623 1305 2690 homines,
1330 2632 1360 2684 ut
1383 2624 1479 2684 audio.
1517 2632 1612 2684 castra
1633 2623 1710 2700 cogit
1726 2639 1800 2699 pon-

505 2726 592 2792 tifex,
621 2731 649 2783 et
672 2731 771 2801 cogat,
802 2742 855 2782 nos
881 2726 1041 2784 exercitum
1071 2724 1214 2785 babemus
1242 2726 1374 2784 factionis
1401 2726 1579 2803 presidium.
1623 2724 1669 2784 'ln
1699 2721 1799 2783 ubiubi

507 2828 580 2895 eris,
604 2826 717 2885 lortiter
739 2826 865 2903 praedica
889 2826 1011 2885 rerbnnr
1035 2826 1081 2885 dci
1104 2846 1158 2886 nec
1179 2827 1249 2886 time
1272 2827 1394 2904 eosqui
1417 2834 1539 2904 possunt
1562 2844 1671 2903 corpus
1687 2831 1826 2883 tairtumrt

449 2927 655 2996 §.t-occidere,
687 2946 753 2987 cnm
782 2928 810 2985 in
840 2928 965 2988 animam
995 2928 1067 2987 iuris
1097 2927 1222 2987 babeant
1249 2928 1330 2988 nibil.
1375 2930 1460 2987 etiam
1489 2929 1553 2988 ride
1574 2946 1612 2986 ne
1635 2926 1799 3003 corruptio·

506 3028 593 3088 nilms
615 3027 778 3088 riuciltilorn
802 3036 831 3088 tc
847 3028 993 3107 praebeas
1019 3029 1097 3106 (prod
1114 3030 1226 3089 lacinus
1241 3029 1371 3098 admisit,
1395 3037 1534 3107 quantum
1556 3027 1702 3104 intelligo,
1719 3045 1798 3105 pra-

504 3138 550 3191 ter
585 3131 752 3208 opinionem
785 3149 881 3190 meam
915 3129 1069 3209 improbus
1102 3130 1219 3208 Capito,
1249 3119 1304 3208 'qui
1332 3133 1476 3191 inescatus
1507 3131 1623 3209 perdito
1652 3128 1737 3189 lucro
1765 3147 1798 3187 ac

505 3234 646 3310 principis
669 3235 712 3292 sui
735 3232 884 3292 admonitu
908 3235 1050 3292 excitatus
1073 3233 1166 3291 lectur
1189 3232 1245 3291 iam
1272 3231 1326 3290 sub
1354 3233 1422 3291 sicto
1452 3234 1570 3291 nomine
1597 3232 1626 3314 in
1656 3229 1798 3289 Lutbera·

505 3352 560 3393 nos
582 3333 711 3394 scribere
735 3352 868 3414 quoquc,
893 3342 1005 3393 tantum
1028 3333 1110 3393 abest
1131 3335 1161 3392 in
1184 3334 1280 3392 oiiicio
1296 3340 1328 3391 nt
1342 3335 1482 3393 manserit
1497 3333 1586 3392 licinio
1600 3332 1828 3410 iniquissimusn

507 3446 535 3498 et
563 3456 650 3517 quern
681 3438 790 3515 optimo
819 3438 883 3496 iure
913 3435 982 3495 boni
1010 3453 1112 3523 ornnes
1140 3434 1236 3492 odisse
1265 3442 1408 3512 perpetuo
1438 3433 1563 3493 debcant
1591 3434 1685 3511 inagis
1713 3428 1799 3511 onam

438 3538 704 3607 §.colorauienses
734 3545 762 3597 et
784 3536 972 3597 Colonienses
1000 3535 1204 3611 tlreologistas:
1240 3553 1306 3594 narn
1338 3536 1384 3595 bic
1413 3535 1507 3595 dormo
1535 3553 1593 3593 non
1624 3534 1799 3598 tentabatur,

506 3649 606 3699 noster
630 3641 697 3707 luit,
728 3659 762 3698 ar.
784 3646 891 3715 praeter
913 3639 1002 3697 animi
1025 3638 1164 3697 indicium
1187 3639 1310 3715 pecunia
1334 3637 1474 3706 conduci,
1503 3644 1663 3695 ntsrerum
1691 3637 1799 3712 impro-

507 3740 569 3810 bet,
593 3742 737 3799 sustinuit.
784 3738 943 3807 locerotur,
966 3739 1173 3815 proscindatur
1196 3739 1327 3815 perditus
1350 3736 1467 3797 nebulo.
1506 3736 1571 3814 lpse
1587 3756 1708 3816 operam
1724 3735 1800 3794 dabo

507 3859 543 3901 ne
567 3844 612 3901 ciri
636 3859 681 3900 mc
704 3841 746 3899 sic
769 3839 926 3899 fallendum
950 3839 1089 3915 deinceps
1110 3838 1274 3916 praebeam:
1306 3857 1386 3906 uani,
1410 3841 1433 3897 si
1456 3842 1567 3908 nescis,
1590 3857 1698 3898 arcana
1721 3851 1833 3916 ‹price-³⁰

507 3942 573 4001 dam
597 3940 765 3999 concredidi
788 3941 953 4016 profananti
976 3938 1016 3999 illi
1038 3958 1104 4018 quie
1126 3959 1204 4000 nnnc
1234 3938 1331 3999 rmdtis
1358 3943 1538 4017 argumentis
1567 3938 1672 4016 colligo
1703 3937 1802 4017 prodi·

439 4042 585 4111 §.cidisse
608 4039 730 4118 galerito
753 4060 815 4101 suo.
855 4029 885 4101 Ο
908 4041 1062 4117 perfidiam
1092 4042 1179 4102 banci
1208 4042 1284 4101 banc
1313 4043 1480 4102 mercedem
1509 4041 1604 4102 reddit
1631 4039 1803 4116 benignitati

509 4161 597 4210 nicae,
621 4160 686 4220 qum
708 4142 736 4200 in
761 4141 841 4202 illum
864 4150 942 4202 tanta
967 4142 1034 4209 luit,
1062 4151 1095 4202 nt
1124 4161 1170 4201 nie
1194 4144 1303 4202 erroris
1332 4161 1390 4201 non
1420 4144 1562 4219 punitere
1592 4148 1720 4208 tantum,
1751 4139 1801 4197 sed

508 4251 536 4302 et
558 4245 669 4321 pudere
693 4243 805 4304 debeat..
852 4243 909 4303 Sed
932 4243 995 4303 lure
1018 4244 1054 4303 dc
1077 4244 1135 4303 illo.
1155 4243 1156 4246 ’
1175 4251 1205 4302 ιιι
1229 4243 1313 4303 nobis
1336 4252 1435 4303 consta
1460 4263 1493 4302 ac
1521 4243 1596 4303 bene
1625 4242 1689 4303 vale
1717 4242 1801 4301 mibi·

508 4365 564 4424 qne
588 4345 723 4425 celeriter
746 4345 815 4424 qnid
838 4347 969 4405 facturus
992 4347 1031 4404 sis
1054 4345 1194 4405 rescribe.
1219 4345 1253 4404 ll.
1277 4345 1375 4404 Nouius
1398 4344 1597 4423 Septembres.
1686 4327 1688 4331 ⁵
1811 4356 1835 4392 τιτι

593 4449 729 4508 Ottonem
752 4449 909 4525 profugum
934 4446 1039 4505 clausis
1063 4445 1102 4505 illi
1125 4447 1258 4504 amicitiae
1279 4446 1388 4523 ubique
1402 4444 1595 4523 receptaculis
1611 4446 1711 4513 lm*eo;
1735 4462 1802 4503 nam

578 4616 589 4648 ²
607 4617 800 4667 Lundstollum
818 4618 892 4666 boclie
912 4614 1078 4674 Lundstnbl‚
1099 4615 1123 4661 iu
1143 4618 1211 4662 eitius
1230 4619 1338 4664 eccle-rio
1355 4616 1409 4677 ipse
1427 4615 1582 4664 franciscus
1598 4618 1713 4678 sepultus
1729 4616 1804 4664 iacet.

510 4702 622 4768 5[ιιιαιο
639 4703 745 4766 scripsi,
765 4718 817 4750 cum
842 4702 910 4766 quod
922 4701 952 4749 ll.
972 4700 1043 4747 dedit
1062 4704 1141 4762 porto
1160 4702 1249 4747 nicilum
1266 4715 1365 4748 censum
1383 4699 1497 4747 baberet.
1567 4696 1673 4762 ⁰qui]i
1692 4703 1709 4746 t.
1723 4713 1805 4761 quum

511 4785 531 4817 ¹⁴
550 4785 654 4834 Tbeob.
669 4786 792 4848 (l'ettieli)
805 4792 853 4833 erut
866 4781 967 4847 'l'ilomi
988 4782 1030 4831 Cf.
1044 4784 1186 4846 superiore
1206 4799 1230 4831 e.
1246 4785 1280 4832 ud
1293 4771 1429 4832 Bucerum
1448 4782 1529 4831 datus
1548 4798 1609 4846 epp.
1663 4781 1686 4813 ²⁰
1704 4797 1756 4830 nee
1776 4779 1805 4845 t]

510 4871 553 4919 cf.
569 4884 667 4931 evang.
686 4885 743 4918 sec.
757 4870 855 4917 binttlr.
870 4868 951 4917 X.28.
1009 4865 1030 4897 ²³
1045 4867 1144 4930 Cupito
1155 4865 1230 4938 pnloe
1244 4866 1561 4931 arcebiepiscopidlberti
1573 4868 1732 4930 Moguutini
1745 4882 1806 4915 sese

510 4952 633 5001 dederet.
670 4949 692 4983 ²⁸
705 4949 802 5014 fertur]
821 4954 868 5000 sed
882 4954 953 5013 folco
967 4952 1038 5012 firma
1052 4951 1112 5013 (itit.
1127 4952 1258 5001 lliihrieb.
1328 4952 1349 4984 ³²
1368 4948 1465 5016 gelon]
1484 4950 1621 5000 cardinali
1633 4952 1806 5016 Moguutiuo.

510 5034 532 5066 ³⁶
551 5033 691 5100 Ottonem]
710 5033 907 5084 Brunlolsium.
