4367 6084
405 727 619 781 cccxxxlln.
640 738 827 780 snruurensu
845 744 899 781 eno
912 745 1041 781 nvrrsno
1054 745 1091 781 sn
1103 745 1207 781 sessui
1222 744 1364 781 seonorssr
1377 746 1540 783 nssrousro.
1579 715 1648 789 331

358 903 431 966 „bus
454 904 487 959 ad
509 903 774 977 evangelicam‘scse
796 905 947 960 doctrinam
970 906 1119 979 recipiunt,
1142 905 1289 961 Lntlrerani
1312 904 1393 978 vulgo
1416 907 1653 980 cognominantur,

317 1025 325 1029 -
357 988 464 1051 ‚seram
493 989 683 1062 equanimiter
713 989 904 1063 appellationis
933 990 1072 1052 iniuriam,
1101 1008 1135 1045 ne
1164 990 1203 1045 rei
1232 989 1431 1063 professionem
1459 989 1594 1065 abnegare
1618 994 1655 1047 vi·

359 1074 452 1135 „dean
486 1073 539 1129 Nec
562 1073 598 1128 ita
622 1091 663 1128 mc
686 1073 799 1129 alicuius
823 1074 927 1146 pigebit
948 1076 1140 1147 cognomenti,
1165 1083 1194 1129 ut
1218 1073 1259 1128 rel
1282 1075 1463 1148 suspitionem
1485 1077 1581 1132 mutati
1605 1078 1654 1132 lio·

360 1157 509 1219 „uestioris
533 1158 651 1213 instituti
674 1158 790 1231 praeberi
812 1160 845 1214 de
869 1176 910 1214 me
941 1159 1028 1215 velim.
1074 1159 1161 1215 llabes
1190 1159 1321 1214 redditam
1352 1159 1401 1215 tibi
1429 1159 1577 1224 rationem,
1605 1179 1655 1217 cur

335 1242 530 1304 ⁵„lnrtberani
552 1242 762 1316 appellationem
779 1245 950 1316 agnoscam.''
994 1244 1050 1301 Huc
1066 1262 1153 1318 usque
1169 1244 1312 1299 lluttenus.
1357 1244 1409 1300 lam
1426 1253 1556 1317 quantum
1573 1246 1653 1301 etiam

361 1327 393 1382 ad
418 1345 469 1382 uos
492 1335 612 1400 spectat,
636 1328 681 1400 qui
705 1345 792 1401 neque
815 1328 952 1383 llutteuici
976 1347 1064 1402 neque
1083 1328 1230 1385 lutherani
1254 1346 1355 1389 sumus.
1380 1330 1426 1387 sed
1451 1338 1557 1386 tantum
1579 1330 1655 1403 cupi·

359 1429 421 1467 mus
444 1411 584 1485 evangelio
608 1411 778 1474 consultum,
802 1420 829 1467 et
854 1421 941 1469 tamen
965 1431 1014 1487 per
1037 1422 1063 1469 te
1085 1415 1120 1470 iis
1136 1413 1289 1469 nominibus
1305 1413 1486 1487 appellamur,
1510 1414 1562 1470 hoc
1578 1423 1653 1470 tenc:

360 1497 534 1570 agnoscimus
563 1514 661 1552 nomen
684 1497 796 1552 Lutlreri
823 1506 853 1552 nt
881 1498 930 1552 viri
959 1497 1023 1554 boni
1053 1507 1080 1554 et
1107 1497 1268 1571 evangelici,
1299 1497 1384 1553 libros
1416 1499 1474 1554 eius
1497 1499 1653 1572 probamus,

361 1582 489 1653 ‹pruniam
513 1580 653 1654 bucusque
676 1583 760 1637 sacris
784 1583 926 1656 scripturis
957 1592 1169 1644 consenserunt.
1199 1600 1248 1638 nec
1271 1590 1359 1639 tamen
1383 1582 1456 1639 illius
1479 1584 1568 1639 omnin
1591 1602 1655 1658 pro·

323 1665 457 1721 nubamus
480 1682 541 1739 qnae
565 1666 660 1722 scribit
682 1675 709 1722 et
732 1667 883 1748 scriptqrus
907 1677 962 1730 est,
986 1669 1059 1741 quud
1081 1667 1214 1724 cavillaris
1232 1676 1268 1722 tu.
1314 1668 1428 1730 „Posset
1444 1669 1532 1723 euim'’
1555 1669 1653 1742 inquis,

362 1751 501 1812 „fortasse
524 1750 653 1806 adversus
675 1751 805 1807 articulos
828 1751 888 1807 ddci
912 1751 1045 1815 scribere,
1069 1753 1131 1825 quis
1154 1762 1210 1808 tum
1233 1751 1306 1808 illius
1323 1753 1461 1809 accederet
1478 1753 1655 1809 sententire‘t'’

359 1833 425 1901 Quae
448 1835 601 1909 scripturus
624 1844 679 1898 est.
703 1853 757 1891 nou
780 1844 859 1891 auten
882 1837 1028 1910 probamus
1051 1855 1131 1910 (qnam
1154 1837 1344 1894 diiudicemus:
1375 1838 1578 1913 iudicamusque
1599 1855 1654 1893 non

359 1938 392 1975 es
420 1928 517 1989 nostro
545 1937 641 1982 sensu.
674 1922 721 1977 sed
749 1920 867 1976 adbibita
897 1939 1002 1978 amusse
1033 1923 1238 1996 scripturarum.
1283 1923 1427 1996 Speremus
1454 1930 1542 1979 tamen
1566 1923 1655 1978 omnia

361 2005 454 2060 lutura
478 2003 581 2077 optima
603 2012 631 2060 et
654 2005 801 2068 catholica,
826 2006 1042 2079 quandoquidem
1065 2007 1186 2062 videmus
1209 2008 1294 2063 virum
1317 2008 1359 2063 dei
1383 2007 1504 2080 quotidie
1527 2025 1556 2062 se
1572 2008 1656 2063 maio·

328 2096 420 2144 t⁵rem
444 2088 501 2144 deri
524 2106 702 2164 crescereque
725 2098 752 2145 et
774 2098 854 2146 aetate
877 2099 904 2146 ct
926 2091 1024 2164 spiritu
1047 2100 1074 2147 et
1098 2093 1239 2165 snpientia.
1284 2092 1316 2148 Et
1339 2091 1403 2147 licet
1419 2099 1448 2146 tu
1463 2092 1496 2147 de
1512 2090 1585 2147 illius
1601 2092 1655 2165 spi·

361 2174 417 2228 ritu
439 2172 562 2236 dubites.
586 2192 645 2230 curn
669 2175 741 2231 forte
764 2175 872 2231 dubites
895 2176 975 2231 etiam
997 2176 1030 2231 de
1054 2176 1211 2250 scripturis,
1235 2184 1325 2232 tamen
1349 2193 1399 2232 nos
1422 2193 1475 2231 non
1491 2175 1654 2237 dubitamus,

362 2258 410 2313 sed
433 2266 463 2313 ut
487 2259 647 2331 proplietam
672 2267 698 2315 et
722 2259 876 2332 apostolum
893 2260 991 2315 Cliristi
1016 2261 1194 2334 suspicimus,
1217 2278 1272 2316 urin
1289 2262 1409 2316 inllatnm
1426 2261 1561 2317 rhetorica
1577 2259 1655 2316 Eras-

361 2343 445 2403 mica‚
475 2334 533 2397 non¹
559 2352 589 2398 ut
618 2345 687 2416 apud
718 2361 797 2417 reges
820 2353 847 2399 et
869 2343 1011 2418 pontiiiccs
1034 2346 1174 2419 permagni
1198 2346 1394 2406 existimatum,
1424 2345 1470 2400 sed
1494 2346 1591 2419 spiritu
1615 2345 1655 2401 lo·

363 2434 490 2501 quentom
514 2428 641 2501 mysteria
666 2437 693 2483 et
717 2428 848 2500 magnalia
871 2429 923 2484 dei.
967 2429 1107 2485 Credimus
1130 2448 1239 2504 quoque
1262 2430 1295 2485 ab
1318 2429 1487 2503 temporibus
1515 2429 1656 2503 apostolo-

328 2521 355 2561 ro
365 2529 426 2567 rum
449 2512 582 2568 neminem
606 2529 695 2586 neque
718 2530 749 2568 cx
772 2513 909 2568 veteribus
933 2531 1020 2588 neque
1043 2533 1075 2570 ex
1098 2516 1243 2571 neotericis
1267 2515 1404 2588 prodisse.
1429 2515 1474 2588 qui
1497 2515 1600 2570 divinas
1624 2514 1656 2569 li·

361 2603 435 2652 teras
459 2595 615 2669 religiosius
638 2597 788 2672 puriusque
811 2606 839 2652 et
861 2597 966 2654 fidelius
983 2600 1146 2656 tractaverit.
1190 2599 1291 2666 Quodsi
1308 2617 1361 2655 non
1378 2598 1479 2673 placei,
1502 2600 1581 2673 prodi
1598 2607 1656 2654 tan·

360 2682 421 2737 dem
445 2689 474 2735 tu
496 2688 523 2736 et
546 2683 674 2755 impugna
698 2700 758 2756 qnae
781 2683 903 2756 scripsit:
932 2700 993 2739 nam
1023 2685 1075 2741 boc
1103 2685 1255 2741 iamdudum
1284 2684 1424 2758 suspensis
1452 2685 1548 2740 animis
1576 2701 1656 2758 expe-

360 2766 509 2828 ctavimus;
538 2783 626 2839 neque
655 2767 690 2823 ob
719 2768 798 2823 alium
826 2785 883 2823 rem
913 2769 1043 2840 quosdam
1074 2769 1143 2825 male
1170 2769 1264 2825 babuit
1292 2769 1435 2825 Hnttenica
1457 2768 1655 2843 Expostulatio,

362 2867 442 2923 quam
467 2850 539 2922 quod
563 2851 722 2907 maluissent
745 2861 771 2907 te
794 2861 840 2907 tua
863 2860 961 2924 sponte
984 2854 1131 2925 procedere
1163 2855 1188 2909 in
1217 2837 1359 2910 barenam':
1389 2871 1461 2910 nunc
1483 2863 1572 2910 autem
1594 2871 1655 2910 cum

326 2944 504 3007 mittensque
527 2934 653 2990 revelatas
676 2945 738 2991 sunt
762 2954 793 2991 ex
822 2936 950 2991 cordibus
978 2938 1118 2993 hominum
1146 2939 1342 3010 cogitationes,
1372 2947 1400 2993 et
1429 2939 1515 2995 inciso
1545 2938 1656 2995 bulcere
1711 2999 1721 3012 s

363 3020 447 3092 cupit
470 3018 584 3074 eiilucre
604 3038 670 3093 pus,
695 3038 744 3093 nge
767 3021 860 3094 prodi,
885 3038 1000 3093 emungo
1023 3023 1103 3078 etiam
1127 3024 1198 3095 quod
1222 3022 1320 3096 reliqui
1343 3030 1386 3078 est
1408 3024 1517 3078 veneni!

429 3098 515 3179 [sou]
560 3111 610 3159 n'n.
634 3104 813 3176 Perfricobit
826 3104 969 3177 frontem,
993 3109 1089 3178 siquid
1103 3115 1197 3162 tamen
1213 3108 1255 3163 illi
1266 3107 1376 3179 frontis
1390 3114 1441 3162 est.
1483 3154 1489 3165 ,
1505 3123 1555 3163 or.
1578 3108 1658 3175 Quie-

363 3189 415 3245 scit
439 3188 465 3243 iu
485 3196 698 3265 pcrpctuapace
714 3190 863 3252 lluttcuus,
888 3190 927 3244 vir
949 3190 981 3245 de
1005 3192 1121 3264 pietate.
1145 3192 1300 3263 evangelio.
1324 3190 1457 3263 religione
1472 3191 1561 3264 deque
1577 3192 1656 3247 bouis

362 3273 429 3327 viris
452 3273 555 3346 optime
578 3274 704 3334 moritus,
728 3275 822 3349 patriae
839 3274 973 3329 libertatis
988 3275 1097 3336 vindex,
1121 3276 1243 3332 veritatis
1259 3275 1397 3336 adsertor.
1421 3276 1592 3332 curtisanicae
1609 3277 1657 3330 im·

328 3365 503 3431 ³0pugnatur
524 3359 779 3422 coustamtissiunrs,
810 3359 979 3433 papistarum
1002 3359 1104 3434 bostis.
1136 3361 1182 3432 qui
1205 3360 1267 3415 dum
1291 3359 1355 3413 risit
1378 3360 1496 3414 frontem
1519 3376 1656 3432 nunquam

362 3441 475 3502 abiecit.
499 3443 545 3498 scd
569 3442 669 3497 lriiirtis
692 3445 859 3516 pedorisque
881 3452 908 3499 et
933 3443 1009 3498 iorum
1032 3443 1165 3499 rationem
1188 3462 1295 3517 semper
1310 3443 1449 3497 inanimam
1466 3441 1572 3505 babuit,
1596 3461 1657 3517 pas-

363 3543 465 3599 susque
482 3535 522 3581 est
539 3543 589 3599 pro
605 3528 757 3583 Christiana
781 3546 810 3583 re
833 3527 930 3587 multa,
954 3536 981 3582 ct
1004 3545 1102 3601 magno
1125 3529 1214 3584 animo
1239 3528 1350 3583 iniurias
1371 3527 1547 3600 contempsit,
1571 3528 1658 3584 eloneo

363 3611 502 3666 dormiens
525 3610 601 3666 siluit
623 3619 651 3668 et
673 3630 770 3668 somno
793 3613 940 3685 requiescit
962 3630 1023 3668 cum
1046 3612 1158 3685 regibus
1181 3621 1208 3668 et
1230 3611 1387 3668 consulibus
1411 3619 1499 3666 terrae.

430 3691 528 3771 [illi]
575 3713 623 3752 sn.
647 3696 750 3768 Itaque
773 3699 909 3769 quicquid
929 3698 976 3752 dic
998 3706 1213 3765 commemoret,
1244 3714 1283 3752 eur
1305 3697 1470 3752 rumoribus
1491 3712 1657 3753 commemo-

328 3786 421 3836 ³⁵rui
489 3796 539 3835 or.
563 3781 644 3848 Quasi
667 3799 721 3837 non
746 3791 773 3838 et
797 3790 825 3836 tu
847 3781 972 3838 universa
996 3801 1056 3856 quae
1079 3783 1162 3839 babes
1184 3784 1217 3839 de
1234 3783 1356 3843 lortrrna.
1381 3781 1519 3842 moribus.
1543 3783 1595 3837 vita
1611 3782 1657 3838 dc·

363 3882 416 3938 que
440 3865 603 3920 inconsultis
625 3867 762 3928 consiliis,
785 3875 816 3921 ut
839 3867 945 3940 inquis,
969 3867 1096 3930 buttem,
1119 3886 1151 3924 es
1175 3867 1330 3923 rumoribus
1353 3867 1467 3923 babeas:
1491 3884 1551 3922 nam
1571 3867 1657 3940 siquis

364 3957 458 4005 exacte
480 3951 675 4023 compresserit
699 3959 771 4006 tunm
795 3951 958 4024 Spongiam.
983 3953 1049 4008 nibil
1073 3954 1130 4009 lere
1153 3960 1284 4025 emungot
1306 3952 1358 4007 nisi
1375 3951 1514 4024 elegantes
1530 3969 1616 4025 nugas
1632 3961 1660 4007 et

362 4033 470 4090 erudita
486 4035 637 4096 mendacia.
661 4053 721 4108 quae
744 4036 883 4109 egregium
908 4037 1016 4109 quidem
1039 4046 1180 4093 ostentant
1203 4038 1347 4098 artificem,
1370 4046 1498 4093 caetcrum
1521 4037 1659 4093 hominem

363 4135 452 4191 neque
475 4118 549 4191 pium
572 4136 661 4192 nequo
684 4138 836 4193 syncerum.

328 4214 353 4253 ru
429 4198 529 4279 [still]
575 4220 624 4258 sn.
648 4205 684 4259 In
707 4207 798 4260 libello
821 4208 1041 4277 quinctiliano
1056 4224 1113 4262 noir
1129 4208 1267 4279 displicet.
1321 4223 1371 4262 or.
1394 4206 1443 4274 Qui
1460 4206 1527 4261 nulli
1543 4205 1616 4263 bono
1632 4216 1660 4264 et

362 4286 533 4357 cvarrgclium
550 4286 648 4343 zelanti
665 4305 718 4344 nim
736 4288 851 4362 placuit;
872 4290 1010 4364 displicuit
1025 4309 1089 4346 vero
1107 4309 1161 4345 non
1178 4292 1229 4346 nisi
1247 4292 1371 4363 possimis
1388 4299 1415 4345 ei
1432 4291 1658 4365 papisticissimis.

429 4366 527 4448 [treta]
580 4389 628 4427 nn.
660 4373 763 4428 Verum
787 4375 942 4445 nliqrtondo
965 4377 1029 4430 diei
1049 4377 1153 4430 librum
1176 4376 1254 4430 illum
1278 4377 1406 4430 omnibus
1428 4377 1535 4430 merdis
1553 4392 1659 4445 perca-

362 4458 498 4513 cendum.
566 4473 617 4512 or.
641 4456 698 4513 lltsi
723 4467 751 4513 tu
775 4458 827 4514 boc
850 4475 934 4531 ncgcs
958 4475 1012 4513 non
1040 4460 1158 4518 dictum.
1187 4467 1275 4514 tamen
1305 4459 1371 4537 nibil
1402 4467 1481 4532 turpe
1511 4459 1593 4513 inierit
1620 4459 1656 4514 di·

364 4558 441 4597 cere:
466 4559 554 4614 neque
578 4542 649 4597 enim
672 4542 750 4597 video
773 4543 816 4598 cui
840 4543 929 4616 possit
953 4542 979 4596 in
1003 4543 1143 4598 meliorem
1167 4542 1284 4597 lructum
1309 4543 1368 4596 usui
1399 4560 1468 4596 esso.
1513 4542 1565 4596 Sed
1587 4544 1660 4598 hunc

329 4637 476 4700 isquoque
498 4627 752 4699 arrogantissimum
775 4627 943 4682 curtisanum
967 4627 1023 4681 suis
1047 4626 1191 4700 ipsissimis
1214 4625 1353 4681 coloribus
1369 4627 1454 4700 [tinxit
1471 4624 1548 4679 lunas
1565 4635 1661 4682 noster

363 4711 558 4784 responditque
582 4710 620 4766 illi
644 4729 695 4786 pro
718 4711 831 4767 iucritis.

430 4891 644 4957 ³strspiciencm
665 4894 690 4941 3.
727 4890 748 4924 ¹⁰
767 4888 832 4958 inq]
853 4891 890 4941 cf.
905 4892 1006 4956 Spong.
1021 4893 1044 4952 ξ.
1061 4890 1117 4939 191.
1155 4889 1176 4921 ¹⁹
1195 4889 1241 4955 ab]
1263 4894 1319 4940 n3.
1355 4891 1378 4924 ²⁴
1397 4895 1549 4941 arenosis.
1585 4889 1660 4941 ’‘’nl-

364 4979 467 5025 cere3.
503 4974 525 5007 ’⁸
544 4977 620 5042 cepit
639 4978 663 5024 1.
700 4975 722 5007 ³⁹
741 4977 851 5027 sined.
887 4975 910 5007 ⁴⁵
929 4978 1020 5026 [ustus
1039 4977 1121 5025 Iones
1141 4982 1237 5026 contra
1256 4976 1443 5038 lo.Fsbrum‚
1471 4975 1659 5028 ‘scortationis

362 5064 523 5126 petronurn',
544 5076 593 5126 pro
612 5062 741 5127 coniugio
759 5060 927 5122 sacerdotali
945 5061 1067 5126 scripsit.
1153 5129 1157 5138 .
