4367 6084
527 745 727 797 eccxxxm.
741 759 862 796 suouuus
874 758 980 794 uuusuu
992 757 1138 795 unvuusvs
1152 756 1326 792 useuumuus
1339 755 1473 792 nuruum.
1574 723 1648 796 299

346 923 440 980 ritur.
487 925 575 993 utque
604 920 682 977 inter
705 919 818 992 poculu
841 919 1019 991 plerumque
1044 914 1159 987 seritur
1183 913 1287 986 sadus
1312 915 1525 986 canapelicum.
1569 913 1652 973 Adeo

348 1040 420 1082 uero
440 1022 554 1097 stupidi
573 1028 642 1078 sual
657 1019 742 1092 sere,
766 1026 799 1078 ut
815 1035 872 1077 uon
896 1019 1064 1090 intellipant
1080 1006 1142 1075 sese
1158 1019 1322 1091 plurimum
1342 1013 1465 1086 officere
1480 1032 1584 1075 causeo
1602 1017 1653 1075 cui

345 1124 472 1196 fauent,
493 1129 522 1180 et
542 1124 594 1194 orci
613 1123 680 1180 uelit
702 1123 761 1179 illis
777 1120 937 1195 prodesse,
960 1137 1078 1179 neccsse
1099 1119 1210 1177 habeat
1229 1114 1277 1177 eos
1296 1116 1425 1189 fallere,
1453 1121 1541 1177 ueluti
1560 1135 1650 1201 qurum

349 1224 484 1284 medicus
505 1225 629 1297 imponit
644 1207 821 1296 phrenetico
842 1197 971 1280 dicturus
984 1221 1196 1294 pharmacum.
1243 1220 1313 1278 Cum
1335 1220 1391 1278 boc
1412 1220 1561 1278 bominum
1581 1237 1640 1293 pe·
1653 1223 1720 1272 §.²²⁴-

328 1343 426 1385 snerc
443 1326 557 1384 nullum
580 1327 707 1398 optarim
730 1340 784 1396 epo
805 1325 1021 1382 commercium.
1067 1330 1099 1380 at
1120 1339 1174 1381 uec
1195 1322 1343 1381 Huttcnus
1364 1322 1481 1384 uidetur
1502 1322 1554 1379 hos
1571 1338 1651 1396 pro-

351 1429 440 1500 bare,
464 1442 536 1499 auos
561 1426 689 1484 Vicanos
712 1427 854 1499 appellat.
899 1424 976 1482 Sunt
996 1426 1063 1496 alii,
1087 1440 1159 1497 quos
1174 1427 1309 1499 suspicor
1327 1439 1386 1482 nori
1405 1421 1514 1494 struere
1532 1426 1653 1495 nepocio

351 1530 541 1602 eucrnpclico,
564 1527 618 1585 scd
639 1527 758 1584 iuhiare
776 1529 806 1584 in
820 1518 979 1600 pradum,
1002 1533 1035 1584 ut
1054 1526 1108 1596 suh
1128 1528 1278 1599 ccanpclii
1289 1532 1442 1600 prouertu
1463 1527 1651 1584 latrocinium

351 1635 533 1697 eucrceaat,·
553 1629 606 1687 bos
627 1645 682 1688 nec
703 1631 766 1703 ipse
783 1627 894 1701 probat
909 1626 1074 1686 lutherus:
1095 1628 1205 1687 hahent
1224 1629 1300 1686 enim
1322 1631 1408 1700 loupe
1424 1629 1542 1686 diuersa
1562 1627 1720 1700 cop-sus.

352 1739 450 1803 mata,
472 1732 612 1789 nimirum
628 1730 710 1790 hac:
732 1730 785 1801 qui
791 1714 965 1803 protexere
973 1736 1072 1803 potest
1085 1729 1203 1803 aliquid
1219 1730 1393 1802 nobilitatis,
1413 1732 1443 1788 ei
1455 1731 1500 1788 ius
1514 1736 1558 1788 cst
1573 1731 1651 1788 ado

323 1839 344 1890 io
353 1835 412 1892 riri
432 1834 573 1890 uiatorem
594 1832 624 1889 in
639 1831 765 1906 publicu
786 1833 836 1889 oia
851 1837 881 1889 et
894 1833 1025 1905 spoliare
1045 1838 1098 1889 aut
1117 1833 1265 1905 captiuum
1286 1832 1450 1905 abducere,
1471 1834 1517 1889 ias
1534 1838 1584 1900 cst,
1602 1831 1653 1889 ubi

353 1935 522 2009 quoderat
542 1948 742 2007 nummorum,
766 1935 847 2004 aino,
870 1935 973 1991 scortis
994 1939 1023 1991 et
1044 1934 1114 1991 alea
1134 1932 1285 1991 decoctum
1307 1939 1363 2004 est,
1391 1933 1496 1991 bellum
1519 1932 1651 1991 indicere

353 2037 518 2107 cuicunque
535 2037 627 2094 uisum
642 2044 685 2093 est
699 2034 890 2094 commodum.
936 2034 1003 2094 hac
1021 2035 1163 2108 dopmota
1180 2049 1239 2091 non
1255 2034 1343 2093 habet
1356 2033 1513 2092 lutherus.
1559 2033 1640 2091 For·
1653 2040 1720 2091 bum.

354 2144 432 2196 tasse
453 2143 522 2195 sunt
543 2137 680 2195 nonrmlli
696 2139 750 2209 occi
767 2136 854 2195 rebus
875 2136 1008 2194 omnihus
1024 2137 1197 2210 proflipatis
1216 2152 1253 2194 ac
1269 2135 1398 2209 perditis
1419 2103 1605 2195 cuthwinus
1621 2152 1652 2193 se

350 2242 484 2312 finpunt,
506 2244 539 2296 nt
559 2236 615 2297 hoc
636 2240 720 2296 tilulo
733 2239 791 2296 sibi
804 2240 935 2312 pariant
951 2237 1100 2310 fautores.
1146 2255 1184 2295 an
1202 2236 1254 2295 hos
1274 2252 1373 2295 omues
1387 2236 1532 2296 Hactenus
1550 2253 1652 2297 susce-

317 2343 398 2415 rspil
418 2336 645 2411 defendendos?
667 2341 778 2412 quoties
799 2342 875 2398 arbim
899 2340 936 2397 de
956 2339 1137 2398 [citheronis
1157 2339 1332 2411 quibusdam
1355 2341 1473 2412 lonicor,
1497 2341 1546 2398 ille
1567 2356 1651 2398 com-

352 2447 495 2500 movetur.
530 2439 574 2529 §b
590 2458 704 2514 querar
726 2458 746 2500 a
766 2441 938 2500 Lutbcrano
962 2443 1101 2516 quopiam
1128 2441 1202 2498 mihi
1220 2442 1404 2514 marsupium
1426 2441 1591 2501 detractum
1611 2443 1641 2500 in
1654 2449 1721 2500 bum.

354 2546 474 2616 itinere,
501 2561 540 2602 au
564 2542 712 2602 Hattenus
739 2544 934 2603 arbitrabitur
961 2544 1016 2602 hoc
1043 2543 1087 2601 ad
1110 2559 1142 2600 se
1166 2537 1342 2616 portinere?
1369 2558 1439 2601 nam
1468 2544 1549 2615 quod
1566 2545 1655 2602 semel

353 2647 491 2718 queritur
512 2662 543 2703 se
558 2647 686 2719 proprie
709 2661 809 2703 morsu
826 2648 949 2720 petitum
972 2664 991 2704 a
1012 2660 1072 2717 mc,
1102 2646 1241 2717 quoniam
1269 2660 1323 2702 aec
1346 2645 1442 2702 locum
1463 2645 1578 2704 indicat
1600 2661 1655 2703 acc

354 2762 432 2818 rem,
456 2762 494 2806 ne
515 2746 589 2805 mihi
608 2748 724 2818 quidem
746 2746 816 2805 libet
838 2747 984 2806 diuinare.
1027 2753 1109 2807 certe
1129 2762 1218 2820 auam
1239 2749 1293 2806 itta
1313 2747 1488 2820 scriberem,
1511 2761 1569 2804 uon
1588 2754 1656 2806 crat

307 2862 345 2905 uo
354 2850 474 2906 animus
484 2847 644 2906 Haltenum
659 2848 779 2919 tabere,
791 2849 842 2908 eui
854 2847 998 2920 fovebam
1013 2851 1170 2908 literarum
1187 2850 1339 2907 ducntanat
1352 2850 1485 2916 nominc·
1499 2855 1529 2907 et
1541 2850 1570 2907 si
1582 2849 1657 2922 quid

354 2948 556 3021 maluisset,
575 2931 656 3021 quod
675 2963 758 3006 secus
778 2949 878 3021 babet,
901 2950 975 3022 auid
995 2951 1051 3010 hoc
1073 2950 1116 3009 ad
1136 2952 1216 3009 bunc
1233 2953 1452 3011 insectationem
1471 2957 1531 3009 tam
1546 2952 1653 3010 crimi-

354 3047 481 3110 nosam?
507 3049 542 3108 Si
561 3065 607 3107 me
630 3049 727 3108 decies
743 3053 864 3124 petisset
890 3051 1018 3124 oblique,
1047 3052 1285 3111 dissimulassem.
1331 3052 1447 3122 Quoties
1470 3059 1567 3111 autem
1587 3069 1641 3111 re·
1655 3056 1724 3107 tots.

355 3158 442 3224 uocat
462 3167 508 3210 mc
527 3151 570 3209 ad
587 3167 659 3209 suas
674 3157 795 3225 partes,
819 3167 876 3223 quo
897 3152 977 3211 iubet
994 3169 1041 3210 me
1062 3149 1183 3211 uenire?
1205 3155 1248 3211 ad
1271 3155 1350 3212 uiros
1371 3154 1459 3212 bonos
1480 3160 1508 3211 et
1522 3170 1655 3226 cuanpe-

357 3248 455 3312 bicos?
483 3267 538 3325 epo
558 3252 682 3311 libenter
705 3252 891 3324 advolarem,
920 3256 947 3311 si
971 3256 1036 3327 quis
1053 3260 1272 3313 commonstret:
1299 3257 1327 3311 si
1345 3270 1417 3327 quos
1436 3256 1515 3312 horit
1532 3257 1585 3326 qui
1595 3271 1656 3328 pro

313 3355 442 3425 sutrino,
473 3354 577 3412 scortis
599 3362 628 3412 et
656 3356 724 3414 alea
742 3361 832 3413 semet
851 3355 998 3413 oblectant
1017 3372 1110 3415 sacra
1128 3357 1251 3414 lectione
1277 3342 1445 3428 sanctisque
1470 3355 1655 3427 confabula-

354 3456 515 3522 tiunculis,·
538 3457 591 3527 atri
610 3457 753 3515 nanincm
772 3456 927 3529 fraudant
941 3459 1075 3532 peccunia
1098 3457 1210 3529 debita,
1233 3457 1288 3515 sed
1305 3459 1382 3514 ultro
1403 3457 1576 3528 turpiuntur
1596 3472 1654 3515 uon

355 3557 484 3616 debitam
506 3558 619 3629 coculi·
642 3560 694 3630 qui
712 3558 788 3618 adeo
809 3575 867 3617 non
891 3560 1075 3618 maledicunt
1088 3558 1320 3631 immerentibus,
1345 3565 1376 3617 ut
1389 3559 1551 3618 conuicium
1568 3560 1655 3631 inpe-

354 3665 431 3719 stum
452 3660 540 3718 ctiam
561 3660 846 3735 placidoresponso
864 3664 1017 3729 mallant,-
1040 3663 1092 3734 qui
1113 3663 1224 3720 nemini
1237 3664 1293 3720 vim
1311 3667 1364 3719 aut
1378 3659 1515 3739 inferunt
1531 3667 1584 3719 aut
1597 3663 1656 3719 mi-

358 3765 487 3831 nantur,
509 3760 564 3818 sed
583 3762 726 3820 boiariam
744 3765 833 3821 ctiam
855 3764 994 3836 beneficio
1010 3769 1158 3839 pensant·
1180 3765 1233 3837 aui
1254 3763 1330 3822 adeo
1351 3765 1436 3823 natta
1456 3769 1570 3822 moueat
1590 3764 1656 3822 dis-

322 3862 452 3934 usidia‚
479 3867 511 3920 ut
531 3877 673 3922 memores
695 3861 841 3923 Christum
863 3865 960 3924 beatos
980 3869 1149 3941 appellasse
1165 3868 1325 3940 pacificos,
1354 3867 1518 3939 ubicunque
1535 3875 1659 3940 possunt

357 3962 550 4023 concordiam
573 3972 602 4024 ct
616 3981 725 4039 pacem
746 3969 899 4035 sarciant,·
927 3969 980 4040 qui
1000 3985 1059 4026 uou
1081 3970 1197 4027 iactant
1214 3971 1330 4041 plorias
1350 3985 1434 4040 suas,
1460 3970 1582 4028 laudem
1605 3985 1658 4028 oc-

358 4071 464 4125 nautes
487 4066 532 4123 uel
552 4082 592 4124 eu
614 4066 787 4138 malefactis
809 4071 853 4127 uel
875 4085 915 4127 erc
937 4070 983 4128 his
1004 4087 1071 4142 quar
1097 4086 1155 4128 non
1182 4077 1339 4143 cesserunt
1364 4072 1434 4145 ipsi,
1463 4071 1517 4129 sed
1544 4086 1657 4130 omnem

358 4168 447 4225 etiam
466 4166 688 4239 bencfactorum
704 4172 834 4241 pluriam
857 4170 1047 4242 transferunt
1067 4173 1098 4230 in
1115 4172 1277 4239 Christum·
1298 4175 1396 4245 siquos
1410 4175 1503 4245 uouit,
1526 4174 1656 4246 inquam,

358 4267 529 4326 huiusmodi
553 4270 682 4329 moribus
708 4287 776 4331 uere
800 4275 980 4345 eoanpclicis
997 4273 1160 4346 proditos,
1188 4279 1392 4331 commonstret
1417 4282 1445 4332 el
1473 4273 1591 4332 babebit
1611 4290 1657 4332 mc

324 4369 509 4431 sssodalem:
530 4386 600 4429 uam
620 4387 675 4445 epo
689 4372 875 4431 Luthcranos
896 4373 995 4443 uideo,
1016 4376 1203 4446 coarspelicos
1224 4382 1276 4432 aut
1296 4376 1393 4432 nultos
1415 4380 1468 4432 aut
1485 4374 1645 4432 admodum
1658 4381 1725 4431 §.uu

356 4486 472 4544 paucos
491 4473 583 4531 uideo.
632 4472 670 4532 Ut
690 4476 781 4546 ipitar
803 4489 861 4532 non
883 4489 1012 4532 semouco
1034 4475 1072 4533 ab
1091 4476 1223 4533 amicitia
1239 4491 1306 4533 rnea
1324 4475 1423 4533 doctos
1443 4476 1495 4547 qai
1506 4475 1658 4533 moderate

359 4580 386 4629 ct
405 4569 473 4631 cam
496 4573 607 4632 iudicio
624 4573 732 4646 fauent
747 4574 891 4648 luthero,
915 4576 958 4633 ita
979 4592 1034 4633 nec
1056 4577 1154 4634 ultera
1174 4592 1215 4633 coc
1239 4582 1332 4648 parto
1354 4577 1456 4635 desino
1479 4591 1528 4634 eos
1549 4576 1659 4635 habere

361 4675 471 4732 amicos
491 4677 544 4746 qui
560 4678 615 4749 pio
635 4677 734 4735 studio
753 4683 783 4736 cl
802 4692 869 4735 cum
892 4675 1002 4734 iudicio
1023 4676 1176 4734 moderate
1194 4673 1355 4734 lutherum
1378 4679 1576 4735 insectantur:
1594 4684 1658 4736 etc-

427 4909 438 4940 ⁰
458 4907 571 4975 appuli]
592 4911 706 4976 Expost.
721 4912 750 4970 -ἕ,
768 4908 823 4959 lot.
877 4909 887 4941 ⁸
906 4911 946 4985 ἐξ.
959 4910 1019 4959 225.
1033 4926 1072 4975 sq.
1095 4910 1123 4959 iu
1141 4911 1231 4976 ipsum
1248 4910 1402 4960 Huttenum
1420 4912 1658 4978 Eppondorsflum·

361 5009 413 5057 que
438 4999 588 5058 conceptas
613 5011 674 5045 esso
697 4996 813 5060 ignavia
836 4995 980 5059 scriptoris
1004 4993 1168 5044 dissimulat.
1231 4994 1260 5067 '¹⁸
1284 4994 1417 5062 queritur]
1441 4997 1572 5046 ubinam?
1596 5012 1659 5047 uam

361 5078 384 5137 ἕ.
397 5076 439 5128 28.
455 5078 687 5144 expostulationis
705 5095 757 5130 noe
771 5081 918 5130 Erusmics
931 5079 1114 5144 detorquendi
1133 5094 1178 5129 urs
1191 5079 1243 5129 huc
1256 5081 1381 5131 traxerit.
1400 5155 1407 5161 .
1439 5079 1462 5113 ³⁰
1473 5079 1573 5131 Mutth.
1587 5081 1619 5132 V.
1633 5081 1658 5133 9.
