4367 6084
361 757 529 812 cccxceu.
551 754 636 821 [ivsrr
651 753 742 819 asari]
761 764 1140 803 aaaroaeertnroit.caor1
1158 763 1279 798 avesna
1293 761 1456 799 acaronem.
1478 754 1534 795 teet.
1571 732 1642 802 457

359 943 386 989 te
410 949 547 1004 rogarem,
577 937 605 984 et
626 917 792 1001 cognoscere
814 926 968 1000 cupiebam,
992 932 1125 997 quatenus
1149 922 1198 977 tibi
1220 921 1266 977 illa
1288 922 1319 976 ad
1342 930 1460 977 restrum
1476 922 1645 997 Episcopum,

363 1019 388 1073 ia
411 1016 489 1073 enicas
512 1032 582 1069 nunc
604 1014 665 1069 aula
688 1023 731 1073 tu,
760 1030 792 1067 er
822 1010 906 1065 veteri
935 1018 962 1064 et
991 1007 1134 1063 insanabili
1155 1007 1309 1061 Lutheraao
1339 1014 1450 1078 repente
1480 1007 1565 1063 lactus
1587 1008 1647 1080 pul·

360 1101 511 1157 cherrimus
534 1099 653 1171 papista,
682 1115 743 1152 cum
774 1095 888 1150 marimo
916 1093 1047 1167 applausu
1079 1100 1132 1147 tuae
1165 1099 1218 1145 iam
1240 1090 1320 1145 lertis
1341 1090 1501 1146 ‹leleetioais
1522 1093 1646 1153 versaris,
1685 1106 1688 1112 '

362 1185 501 1259 pertinere
523 1165 687 1237 viderentur.
733 1180 834 1235 Scribis
863 1188 889 1233 te
918 1177 1074 1250 oportuisse
1104 1175 1189 1231 obviis
1211 1174 1297 1235 ulnis,
1326 1174 1445 1230 suaviter
1472 1185 1500 1231 et
1528 1185 1647 1231 amanter

340 1269 464 1342 sexcipi,
493 1268 532 1323 sie
561 1284 575 1322 e
598 1266 727 1321 Sarmatis
749 1265 887 1324 reducem,
917 1280 971 1317 non
994 1260 1126 1316 eiusmodi
1150 1259 1254 1314 tetricis
1276 1258 1470 1331 scriptionibus
1492 1269 1519 1315 et
1540 1261 1648 1316 minime

362 1352 484 1409 iucundis
507 1351 631 1424 quaesitis
653 1350 712 1405 eius
735 1349 816 1404 officii
846 1347 1028 1405 dulcedinem,
1043 1344 1108 1426 *sub
1140 1345 1207 1417 ipsa
1221 1343 1296 1398 initia
1318 1352 1372 1397 tam
1395 1342 1450 1398 lati
1473 1353 1500 1400 et
1523 1345 1647 1400 nimirum

363 1436 488 1493 oninibus
510 1435 644 1508 expectati
667 1434 705 1489 tui
729 1433 847 1492 reditus,
869 1430 1016 1503 corrumpi.
1383 1452 1385 1455 ·

447 1520 514 1587 Quiri
537 1520 672 1575 detineam
696 1526 722 1573 te
746 1516 854 1572 multis?
877 1516 954 1571 Ultro
976 1515 1043 1570 cedo
1068 1512 1132 1572 tibi,
1157 1511 1204 1566 tali
1226 1512 1299 1572 viro,
1324 1510 1370 1565 tali
1393 1513 1498 1586 Sopho,
1527 1514 1703 1587 peregri-§.a

364 1624 425 1661 nam
448 1612 475 1660 et
498 1604 630 1659 exoticam
653 1602 812 1675 sapientiam
835 1620 849 1655 e
872 1599 1015 1659 Sarmatis,
1039 1597 1170 1655 emedia,
1194 1596 1220 1650 ni
1237 1595 1330 1656 lallor.
1355 1595 1462 1670 Scythia
1478 1599 1598 1653 ailerenti
1621 1607 1649 1653 et

328 1690 396 1745 ¹⁰cle
419 1686 568 1762 aptissimis
589 1687 710 1742 colendae
734 1686 858 1740 amicitiae
882 1683 1033 1739 rationibus
1056 1700 1086 1737 ac
1110 1681 1205 1736 oilleiis
1235 1679 1364 1753 preclare
1393 1682 1527 1738 iudicanti.
1572 1683 1649 1737 Erra-

363 1784 422 1829 tum
446 1782 501 1831 est,
535 1772 636 1832 fateor,
666 1780 693 1826 et
716 1787 787 1824 atine
810 1770 927 1842 primum
950 1767 1051 1822 amicus
1074 1783 1135 1822 esse
1158 1765 1257 1821 eliseam
1280 1765 1314 1819 ab
1335 1764 1378 1819 his
1401 1767 1446 1839 qui
1469 1786 1529 1823 vere
1552 1768 1648 1830 sciunt,

363 1877 377 1913 a
401 1864 427 1913 te
450 1856 555 1912 scilicet
578 1856 685 1910 homine
708 1853 903 1909 humanissimo
927 1861 953 1906 et
976 1850 1162 1906 amantissimo
1185 1848 1318 1904 bonerum
1342 1851 1476 1913 omnium.
1505 1871 1582 1925 quam
1603 1854 1648 1907 iliu

363 1941 427 1997 boni
451 1949 528 2002 sunt,
558 1940 583 1993 id
607 1948 650 1994 est
673 1956 752 2011 apuam
775 1938 821 1992 din
845 1938 926 1993 rebus
949 1944 1064 1993 utantur
1087 1933 1229 1994 secundis.
1254 1944 1281 1990 et
1303 1952 1357 1990 aon
1381 1944 1493 1990 onerant
1516 1955 1544 1992 se
1567 1937 1649 1992 nimie

364 2025 446 2098 (quorl
482 2025 508 2079 in
543 2031 586 2078 tua
605 2022 790 2097 Philosophia
825 2039 933 2095 semper
964 2020 1095 2093 sapientis
1124 2026 1166 2073 est
1194 2016 1327 2092 habitam)
1360 2029 1499 2093 potentum
1532 2029 1559 2076 et
1586 2022 1652 2077 ‹livi-

329 2123 354 2161 ts
366 2119 422 2165 tum
444 2110 515 2165 oilie.

450 2196 575 2266 Agnosce
591 2200 709 2247 veterem
726 2191 800 2245 illum
815 2191 941 2249 Crotum,
965 2189 1009 2262 qni
1033 2197 1128 2242 natura
1151 2203 1258 2259 semper
1280 2172 1421 2244 abhorruit
1443 2207 1457 2244 a
1479 2190 1597 2262 politicis
1621 2189 1708 2243 ibt-²·

365 2279 399 2333 lis
421 2284 448 2331 et
471 2278 549 2333 seriis
572 2276 706 2349 negociis,
732 2275 776 2348 qiri
801 2292 937 2346 nunqnam
959 2291 1003 2327 res
1026 2271 1151 2328 Ecclesiae
1175 2270 1242 2325 tanti
1266 2275 1398 2329 iaciendas
1420 2274 1509 2336 eluxit,
1533 2275 1596 2347 qiua
1613 2274 1653 2329 iu·

366 2372 437 2418 stum
460 2362 547 2416 somni
571 2360 701 2416 naturalis
725 2368 831 2431 tempus
854 2358 1020 2418 absolveret,
1051 2356 1097 2429 qui
1126 2372 1262 2426 nunquam
1291 2367 1379 2413 tantas
1407 2360 1447 2412 sui
1475 2358 1567 2414 saculi
1589 2359 1653 2413 vidit

367 2447 501 2505 miserias,
526 2444 598 2500 nulla
623 2453 675 2499 tam
698 2443 831 2503 rliihcilia,
855 2443 969 2501 alilicta,
992 2450 1039 2495 aut
1062 2439 1149 2494 tristia
1174 2447 1295 2515 tempora
1323 2443 1493 2516 reipublicae,
1524 2443 1587 2515 qnia
1617 2443 1652 2497 ri·

301 2526 307 2536 ’
330 2532 430 2586 enuere
447 2528 539 2585 mallet
554 2537 582 2584 et
604 2529 706 2600 gestire
729 2546 789 2583 cum
813 2528 869 2583 suis
892 2526 1028 2586 caucalis,
1052 2533 1078 2579 et
1102 2524 1159 2579 suis
1182 2522 1235 2580 illis
1259 2527 1394 2583 oblectare
1418 2546 1446 2583 se
1469 2528 1550 2588 iocis,
1574 2544 1652 2599 quam

367 2613 478 2669 nimium
502 2614 572 2685 ringi
596 2612 650 2667 illis
672 2608 804 2686 publicis,
825 2628 962 2684 iainquam
985 2609 1123 2669 haieuelis,
1147 2615 1174 2664 et
1195 2611 1304 2684 corpori
1328 2630 1357 2666 ac
1379 2611 1524 2666 valetudini
1547 2629 1654 2684 semper

368 2698 456 2753 noxiis
478 2698 560 2753 curis.
606 2697 657 2753 Seri
680 2715 744 2769 age,
769 2698 803 2751 mi
819 2696 914 2756 Crete.
938 2696 961 2750 si
985 2696 1076 2750 forsan
1100 2692 1157 2748 sola
1179 2697 1433 2752 commemoratione
1457 2696 1528 2750 illius
1551 2696 1588 2750 rei
1612 2697 1707 2749 sei-⁴.

368 2784 415 2837 riae
438 2781 574 2837 cerebello
598 2791 645 2837 tuo
670 2782 775 2842 nocuit,
800 2798 858 2835 mea
874 2779 919 2834 illa
935 2780 969 2834 de
984 2779 1116 2840 Ecclesia,
1139 2778 1171 2832 de
1187 2782 1301 2853 utraque
1319 2782 1407 2854 specie
1423 2777 1653 2836 Sacrameati‘ete.

370 2874 425 2921 tum
448 2884 509 2921 cum
532 2866 640 2920 mimine
663 2883 803 2921 necessum
827 2866 893 2924 luit,
916 2863 1103 2920 concionatria·
1126 2871 1153 2917 et
1175 2864 1346 2921 declamatrix
1362 2865 1498 2940 Epistola.
1522 2881 1654 2938 compone
1731 2881 1736 2889 ’

332 2962 358 3000 ‘25
371 2960 396 3006 te
412 2967 508 3005 rursus
530 2949 628 3021 (silebo
644 2950 752 3004 interim
769 2950 824 3004 alto
840 2958 867 3004 et
882 2948 973 3003 silenti
990 2947 1111 3017 silentio>
1134 2948 1165 3001 ad
1183 2948 1274 3011 illum,
1291 2951 1333 3005 eui
1350 2949 1505 3009 assuevisti,
1522 2966 1655 3004 somnum.

368 3035 463 3102 Quiete
479 3035 550 3089 enim
568 3034 678 3089 omnino
694 3051 765 3090 nunc
782 3051 851 3107 opus
867 3043 909 3088 est
926 3032 987 3093 tibi.
1005 3032 1163 3087 miserrimis
1179 3034 1251 3088 curis
1267 3052 1317 3106 pro
1332 3034 1463 3095 Ecclesia,
1480 3035 1518 3089 sic
1536 3033 1570 3088 ibi
1588 3034 1657 3089 inter

369 3120 428 3173 vina
444 3126 471 3173 et
486 3117 609 3174 lauticias
624 3117 725 3174 aulicas
740 3119 848 3173 delesse
864 3126 891 3172 et
906 3118 1046 3172 exhausto.
1086 3115 1153 3171 cerlo
1170 3135 1240 3173 nunc
1256 3118 1386 3179 suaviter,
1410 3136 1505 3173 rursus
1525 3118 1656 3178 olulormt,

369 3213 396 3259 et
413 3203 472 3257 illas
493 3220 588 3274 graves
611 3201 823 3263 sollicitudines,
847 3218 914 3274 qaas
937 3201 1049 3256 odiosus
1072 3218 1138 3270 ego,
1163 3202 1230 3256 nihil
1253 3202 1279 3257 in
1302 3210 1438 3275 tempore,
1462 3201 1528 3256 nihil
1545 3202 1571 3256 in
1588 3201 1657 3263 loco,

954 3399 1659 3408 ..>.-.---—--——-—..--——.-

336 3437 500 3498 tedcpeaunt
518 3434 590 3483 nobie
609 3442 678 3483 reete
696 3420 793 3483 reddas
811 3440 835 3481 et
853 3433 1009 3496 Epicurlsmi
1028 3432 1069 3492 sui
1089 3433 1216 3481 celeribus
1237 3436 1343 3497 pinpas:
1366 3434 1412 3482 laec
1435 3435 1499 3482 enirn
1522 3435 1558 3481 tui
1580 3434 1661 3494 oflicii

371 3521 429 3570 erit.
468 3518 708 3584 occupatissimus
726 3518 828 3567 scribo.
864 3517 975 3582 Optime
993 3514 1066 3564 vale.
1103 3517 1163 3579 Ege
1186 3515 1245 3577 caup
1267 3518 1340 3579 haben
1363 3518 1392 3566 in
1411 3516 1512 3566 idolum
1530 3532 1659 3581 magnum
1691 3544 1696 3554 ·

375 3609 459 3662 taum,
480 3601 528 3650 sed
547 3607 623 3651 eerte
643 3602 784 3668 prophetae
803 3601 854 3651 sub
873 3601 978 3666 prelum
997 3599 1094 3648 traditi
1113 3605 1176 3648 sunt
1194 3600 1345 3651 vernacule
1358 3601 1528 3651 absolvendi.
1564 3602 1658 3649 DieS.

372 3673 456 3735 Luem
475 3687 553 3733 Anao
575 3686 647 3735 raet.
1238 3685 1269 3737 Τ,
1289 3687 1426 3735 Martinus
1444 3685 1591 3735 Lutlrerus.

440 3804 447 3835 ¹
467 3810 551 3853 vestr.
567 3803 665 3870 episc]
686 3805 816 3854 Albertum
835 3807 989 3854 cardinalem
1007 3810 1032 3852 et
1051 3805 1266 3868 arehieptseopum
1286 3805 1464 3869 iliepnatimnn.
1520 3802 1529 3834 ⁴
1546 3802 1660 3868 Scribis]

374 3889 446 3937 Croti
463 3889 592 3951 Apelopr'a
608 3894 646 3937 sie
663 3891 779 3938 orditur:
798 3891 980 3946 „Diuturnum
999 3887 1140 3936 silentium
1154 3888 1222 3951 qnod
1235 3890 1345 3954 peperit
1357 3889 1436 3938 nobis
1450 3889 1578 3938 absentia
1590 3904 1660 3949 mea,

372 3973 435 4021 dum
453 3977 559 4037 septem
579 3987 648 4035 pene
668 3987 753 4022 annos
773 3974 844 4038 apud
862 3975 995 4022 Berussos
1015 3977 1043 4021 et
1061 3973 1202 4021 Sarmates
1226 3973 1310 4037 (lege,
1336 3974 1477 4023 literarum
1502 3973 1662 4038 prolixitate

372 4055 497 4120 postulas
515 4059 703 4121 compensari,
723 4059 867 4122 proposita
885 4058 920 4107 ad
940 4056 1065 4122 epistolae
1079 4063 1269 4121 argitanentam
1283 4058 1390 4108 tediosa
1404 4058 1578 4108 molestarum
1592 4073 1664 4122 ques-

373 4141 492 4189 stionum
512 4139 591 4189 mole.
628 4142 712 4190 Facis
732 4147 761 4190 tu
781 4143 889 4205 qriidem
909 4143 1013 4201 animo,
1039 4147 1069 4189 ut
1088 4146 1116 4189 te
1140 4143 1215 4201 novi,
1242 4145 1382 4206 peramiee
1406 4145 1453 4194 sed
1472 4159 1596 4194 sermone
1616 4159 1663 4207 pa·

373 4238 431 4272 rum
450 4225 640 4273 convenienti:
665 4241 728 4273 nam
752 4227 921 4290 pervertitur
944 4226 1008 4274 orcle
1028 4225 1114 4274 oflicii
1135 4226 1204 4288 qitml
1223 4229 1250 4274 in
1271 4228 1377 4291 agendo
1397 4233 1425 4276 et
1442 4229 1530 4277 locum
1550 4232 1579 4276 et
1597 4232 1663 4276 tem·

372 4322 423 4372 pus
442 4312 470 4356 et
487 4323 619 4371 personas
638 4296 780 4370 obseruat3
800 4326 849 4374 par
868 4317 929 4359 crat
947 4315 977 4358 ut
995 4311 1073 4358 caritas
1092 4310 1247 4358 absentiam
1266 4327 1340 4373 aegre
1353 4311 1456 4374 tulisti,
1477 4328 1538 4361 enm
1550 4311 1664 4360 redeun-

372 4399 428 4441 tem
447 4392 557 4441 tamlem
577 4393 611 4441 ab
632 4395 734 4442 exteris
754 4394 858 4442 adhoc
878 4395 1028 4457 composito
1047 4408 1170 4441 sermone
1192 4394 1347 4457 exciperes,
1372 4397 1413 4443 uti
1437 4395 1471 4444 de
1495 4411 1569 4444 more
1593 4394 1664 4442 saln-

373 4482 435 4525 tant
458 4491 519 4526 sese
546 4493 579 4525 ac
604 4476 693 4525 obviis
716 4477 843 4525 manibus
867 4477 1008 4541 excipiunt
1032 4492 1099 4539 quos
1119 4476 1278 4541 ael-tempus
1298 4493 1313 4525 e
1334 4478 1452 4526 incunda
1471 4477 1665 4527 familiaritate

373 4576 432 4609 sors
451 4559 545 4623 aliqua
568 4560 714 4620 disiunxit3
739 4566 768 4608 ut
792 4576 857 4609 vero
881 4561 1066 4609 intermissam
1090 4565 1212 4608 nostram
1236 4560 1459 4610 familiaritatem
1482 4578 1535 4611 non
1560 4562 1666 4610 vereris

373 4659 507 4693 renovare
527 4644 660 4692 eiusmodi
680 4644 891 4707 qrrmstionibus‚
912 4660 1025 4707 quarum
1044 4644 1213 4692 tractatione
1232 4645 1373 4693 coniuncti
1388 4646 1472 4694 animi
1486 4647 1568 4694 citius
1582 4644 1666 4693 multo

365 4729 496 4794 ‚poterint
524 4730 552 4777 in
580 4728 746 4776 ‹liseoreliam
777 4729 941 4777 commoveri
970 4744 1051 4792 qnam
1076 4728 1111 4777 ael
1134 4732 1257 4776 veterem
1282 4729 1435 4777 amicitiam
1459 4729 1549 4778 redire
1574 4728 1666 4779 ....“

372 4809 518 4876 ‘qtrehtis
539 4815 563 4859 1.
599 4810 744 4874 'Selrytia
758 4814 814 4863 tt.
853 4812 873 4842 ¹⁰
892 4811 1014 4861 eolerulre
1032 4815 1168 4862 erraberunt
1187 4814 1246 4872 Η,
1284 4811 1304 4845 ¹²
1323 4829 1339 4862 a
1357 4819 1399 4871 te,
1420 4813 1544 4874 scilicet,
1565 4814 1590 4861 h.
1607 4815 1630 4860 1.
1640 4815 1664 4860 2.

373 4895 396 4926 ³⁰
414 4895 456 4944 cf.
471 4896 547 4943 Croti
566 4895 693 4960 epistulae
712 4897 746 4945 ael
759 4897 840 4945 luith.
855 4911 1051 4959 simmacus.
1072 4896 1204 4946 exhibitae
1217 4899 1241 4957 §.
1252 4896 1293 4946 ⁶28.
1313 4900 1331 4946 i.
1346 4898 1365 4946 f.
1380 4902 1408 4945 et
1426 4899 1579 4946 orationem
1593 4898 1666 4946 Coa·

374 4980 473 5028 stantii
487 4979 589 5027 Euliuli
601 4980 634 5027 ile
654 4979 718 5028 virt.
734 4979 866 5038 atavum,
887 4994 958 5028 vers.
974 4980 1018 5028 liu.

435 5060 457 5093 ³²
470 5065 616 5127 Proposui:
630 5065 690 5128 Ego
704 5062 775 5114 mitis
788 5064 879 5113 haben
895 5065 935 5112 ‘ln
948 5064 1049 5113 idolum
1063 5081 1191 5130 megnim
1204 5071 1280 5115 tutam
1293 5072 1344 5115 set.
1359 5065 1460 5116 Crotii'.
1480 5066 1626 5131 Prophetes
1636 5079 1666 5119 at.
