4367 6084
614 540 621 573 l

535 723 608 793 430
641 738 820 789 CCCLXXX.
835 755 938 790 sanein
953 755 989 790 un
1003 756 1153 792 bonzanin
1166 756 1201 790 nn
1216 756 1314 792 arania
1328 758 1352 792 c.
1367 758 1539 793 srrnunonr.
1554 759 1596 794 ar.
1611 759 1638 794 n.
1656 752 1832 796 insanires.

536 915 624 972 titulis
647 914 779 970 celebrari
802 914 835 968 ah
857 914 964 969 Othone
986 923 1014 969 et
1036 915 1169 971 Lnaaicero
1186 959 1191 969 .
1207 942 1215 968 1.
1234 958 1239 969 .
1258 960 1266 983 .
1282 957 1644 974 ................
1668 919 1832 976 Constantia

535 1019 618 1074 quum
642 1001 788 1074 episeopus
811 1007 923 1070 rogaret
945 999 1055 1054 Beatum
1078 1017 1141 1054 num
1172 1009 1245 1055 esset
1269 1000 1495 1075 lipphendorpius
1524 1002 1640 1064 nobilis.
1672 1005 1752 1077 isque
1779 1022 1832 1058 am·

536 1086 617 1157 bigne
641 1084 842 1157 respondisset.
872 1082 1098 1157 Eppbcndorpius
1127 1084 1243 1140 obticuit
1271 1093 1299 1139 et
1321 1085 1437 1158 primuni
1460 1104 1561 1143 mensae
1585 1087 1674 1144 locum
1699 1107 1831 1162 occupare

535 1169 674 1224 sustinuit.
720 1169 747 1223 ln
771 1168 822 1223 hoe
847 1169 942 1222 itinere
966 1178 1099 1241 sequutus
1122 1179 1164 1224 est
1188 1186 1238 1224 nos
1260 1187 1333 1243 equo
1356 1188 1411 1243 quo
1440 1171 1478 1226 nil
1509 1173 1707 1235 miserabilins;
1742 1191 1831 1228 rernm

535 1255 624 1309 aiebat
647 1271 675 1307 se
698 1252 843 1308 llinvcldia·
866 1270 880 1306 n
904 1252 1042 1308 nobilibus
1064 1271 1164 1326 equum
1191 1255 1364 1309 commodato
1393 1263 1581 1329 sumpturum:
1610 1266 1637 1313 at
1665 1257 1703 1312 nil
1733 1266 1849 1317 aetuma

535 1338 641 1395 nobiles
664 1338 777 1393 aberant
799 1336 911 1392 seilicet.
956 1337 1074 1393 Eundem
1099 1338 1189 1394 lucum
1212 1338 1277 1393 lusit
1293 1339 1475 1401 Schalhusiae‚
1499 1349 1582 1414 atque
1603 1343 1686 1398 etiarn
1702 1342 1831 1397 Constan-

512 1424 660 1493 ⁵stantiae:
690 1431 720 1477 nt
750 1423 823 1476 iuxta
846 1421 1019 1495 proverbium
1043 1422 1087 1476 lnr
1111 1425 1198 1478 iurem
1220 1424 1349 1497 cognovit
1372 1432 1399 1478 et
1423 1423 1504 1497 lupus
1528 1425 1634 1499 lupum,
1666 1427 1703 1481 ita
1733 1425 1830 1481 nabilis

537 1507 657 1564 nobilem
680 1507 769 1567 novit.
792 1506 839 1560 sed
863 1505 931 1561 inula
955 1507 1068 1580 quadam
1092 1508 1201 1562 fortuna
1225 1524 1357 1580 nusquam
1380 1517 1458 1563 erant
1481 1509 1519 1563 illi
1543 1528 1613 1583 qnos
1638 1511 1754 1566 volebat..
1793 1510 1831 1564 ln·

534 1591 699 1665 dignabatur
721 1590 793 1664 quod
818 1590 844 1645 in
868 1590 987 1664 Spongia
1009 1609 1148 1647 vocassem
1172 1593 1259 1671 ipsnni
1282 1592 1391 1648 llntteni
1414 1594 1556 1656 Achatem,
1580 1603 1607 1649 at
1630 1612 1685 1651 non
1710 1596 1830 1667 indigna·

536 1678 615 1732 batur
644 1676 716 1750 quod
746 1676 772 1730 in
801 1676 892 1730 cadem
922 1676 1045 1732 iecissem
1070 1677 1157 1749 ipsum
1181 1677 1312 1739 nobilem.
1344 1677 1383 1732 sic
1405 1679 1476 1733 enim
1501 1687 1556 1733 tuna
1581 1679 1755 1753 suspicabar,
1778 1689 1859 1734 nonta

537 1780 650 1835 prorsus
672 1778 733 1815 esse
756 1759 900 1833 plebeium.
946 1778 1017 1833 quur
1038 1761 1150 1833 agnovit
1173 1761 1245 1833 quod
1269 1763 1422 1816 nouerat?
1452 1764 1483 1818 ad
1515 1763 1572 1818 haec
1601 1765 1682 1819 hahet
1707 1764 1828 1820 lannilos.

537 1849 562 1902 in
586 1847 684 1921 quibus
707 1846 855 1900 Gerananos
877 1845 947 1900 aluos
970 1848 1015 1918 qan
1040 1862 1177 1919 nunquam
1200 1863 1254 1901 non
1277 1845 1416 1919 appellant
1440 1846 1515 1902 illum
1546 1848 1704 1904 lonebernni
1730 1890 1828 1902 .....

537 1972 922 1990 .................
947 1930 1085 2003 hgitatnm
1108 1939 1151 1985 est
1172 1930 1205 1985 de
1227 1931 1484 2003 compromissione:
1507 1933 1696 1988 consensimus
1721 1934 1747 1986 in
1763 1933 1829 1987 dnos

535 2018 654 2090 optimos
677 2015 757 2070 huius
780 2014 855 2069 urhis
879 2015 950 2069 viros
974 2024 1001 2069 et
1025 2014 1063 2069 illi
1087 2031 1141 2070 non
1165 2015 1253 2069 minus
1282 2015 1383 2071 amieos
1413 2033 1493 2088 quana
1516 2016 1597 2076 mihi,
1628 2018 1738 2072 beatum
1763 2017 1828 2071 llhe·

535 2119 633 2156 naamm
661 2110 689 2156 et
712 2099 878 2154 bonifacium
900 2098 1121 2161 hnaerbacbinm‚
1153 2099 1219 2154 iuris
1241 2100 1356 2155 Caesarei
1384 2101 1578 2172 professorem.
1624 2102 1711 2157 llahes
1740 2103 1858 2156 lancta-ia

534 2204 585 2242 iaus
608 2194 693 2241 aeman
718 2184 850 2246 lahulam;
880 2185 944 2258 quid
967 2184 1003 2238 sit
1026 2193 1206 2257 sequntnrnm
1230 2185 1330 2239 nescio.
1374 2185 1477 2240 utinam
1500 2186 1543 2241 bic
1565 2187 1689 2247 adesses.
1720 2203 1775 2259 qno
1798 2184 1828 2238 li·

533 2283 593 2326 eeat
616 2272 670 2325 tuis
692 2270 732 2324 uti
755 2269 877 2324 consiliis
901 2271 946 2342 qni
978 2269 1045 2324 iuris
1073 2269 1212 2323 scientiam
1240 2270 1393 2341 proliteris:
1421 2268 1607 2325 consultamus
1634 2271 1705 2326 enim
1738 2278 1826 2325 utrum

534 2358 619 2411 satias
642 2356 679 2411 sit
701 2354 819 2427 acceptis
841 2353 1044 2409 conditionibus
1067 2354 1153 2409 otium
1183 2370 1272 2409 emere
1299 2353 1333 2407 ah
1361 2354 1451 2409 otioso
1481 2371 1589 2427 nugone
1618 2363 1646 2409 et
1677 2355 1719 2410 his
1748 2354 1826 2409 nehus

534 2450 612 2501 nato,
636 2458 669 2495 an
692 2439 809 2512 experiri
833 2439 941 2493 iudicio.
986 2439 1126 2512 posteior
1148 2437 1282 2493 sententia
1305 2439 1370 2492 mibi
1392 2437 1530 2511 placebat:
1554 2456 1681 2495 noveram
1703 2440 1774 2495 enim
1791 2440 1826 2492 la·

452 2588 460 2602 .
534 2544 590 2580 inians
613 2524 750 2581 vanissimi
773 2523 919 2578 Thrasonis
941 2533 968 2578 et
991 2523 1107 2587 sciebam
1130 2522 1169 2576 illi
1193 2522 1277 2595 magis
1306 2522 1399 2578 dolere
1427 2541 1582 2579 crumenam
1610 2541 1690 2596 qnam
1722 2524 1856 2583 fainanum

532 2610 647 2665 honest
670 2609 756 2680 magis
778 2625 837 2662 esse
860 2608 938 2662 lamis
961 2609 1101 2679 negotium
1124 2625 1203 2678 quain
1228 2610 1318 2667 lanam,
1344 2615 1489 2680 utcumque
1511 2619 1690 2682 componeret
1711 2617 1824 2681 satrape

534 2694 636 2749 vultum
660 2703 687 2748 et
715 2692 795 2747 verba
825 2692 957 2746 inniterer,
978 2690 1191 2764 sesquipedalia:
1219 2693 1382 2765 promiserat
1412 2692 1463 2747 hoc
1491 2693 1613 2765 proxima
1642 2693 1744 2766 seytala
1774 2710 1822 2764 qua

534 2778 635 2833 hellnm
657 2776 847 2837 denuntiabat,
878 2776 1067 2831 ‘revocabitur'
1098 2776 1223 2849 inquiens
1246 2777 1305 2831 ‘tihi
1329 2777 1459 2848 tragoedia
1483 2777 1643 2832 llnttenica’·
1689 2777 1736 2832 llic
1760 2794 1824 2850 pra·-

535 2873 577 2918 ter
600 2879 701 2918 morem
725 2878 779 2915 non
803 2869 845 2914 est
868 2860 1012 2915 mentitus:
1036 2877 1150 2934 prorsus
1173 2862 1264 2916 eadem
1288 2862 1418 2932 tragoedia
1441 2870 1496 2916 est:
1520 2863 1573 2917 scis
1596 2864 1655 2934 ipsc
1672 2869 1737 2917 tnnc
1752 2861 1823 2916 miris

535 2948 615 3002 luinis
637 2954 665 3002 et
687 2946 792 3001 artibus
814 2953 948 3018 captatam
972 2945 1090 3018 praedam
1114 2955 1209 3018 postea
1232 2963 1311 3019 qnam
1328 2944 1461 3000 llnttenus
1483 2946 1515 3000 ad
1539 2963 1642 3001 sacram
1665 2947 1852 3018 contagiosa

533 3049 659 3087 ancoram
682 3041 715 3086 ex
737 3030 865 3103 praedone
888 3030 976 3084 laactns
999 3039 1040 3085 est
1064 3030 1239 3103 sycophanta.
1285 3038 1312 3084 at
1339 3030 1382 3085 hie
1411 3038 1441 3084 ut
1464 3048 1596 3102 agnoscas
1621 3031 1766 3103 utriusque
1784 3031 1823 3083 'la-

534 3117 604 3173 hulae.
627 3115 771 3176 artificem,
794 3115 854 3169 vide
877 3123 906 3169 ut
928 3114 1080 3169 dissimulat
1104 3115 1203 3187 praedm
1226 3115 1358 3169 studium:
1383 3116 1507 3188 praetexit
1532 3117 1628 3170 lauram
1652 3115 1758 3175 laesam,
1781 3114 1822 3168 da·

533 3221 624 3258 aaaravnn
647 3200 751 3257 scilieet
774 3198 962 3254 inaestimabile
986 3241 1489 3253 ......................
1514 3199 1591 3266 Qaiod
1614 3199 1763 3255 llntteinn'n
1787 3199 1822 3252 in·

532 3288 641 3359 stigarit
664 3294 694 3341 nt
716 3303 759 3341 me
782 3284 854 3358 stylo
878 3293 1000 3358 peteret,
1023 3284 1090 3339 adeo
1114 3300 1167 3338 non
1192 3285 1306 3343 latetur.
1331 3293 1360 3339 ut
1384 3301 1413 3338 se
1437 3283 1516 3339 iactet
1540 3301 1590 3356 pre
1614 3284 1717 3339 viribus
1740 3283 1822 3338 honri·

533 3391 592 3428 nean
615 3371 770 3428 cohibuisse
792 3370 893 3442 nequid
916 3387 957 3424 me
980 3368 1106 3430 laederem
1129 3354 1204 3441 at'qui
1228 3385 1310 3441 quum
1334 3386 1454 3423 essemus
1476 3368 1656 3427 Constantia.
1682 3386 1736 3441 qno
1759 3376 1849 3422 teni-at

532 3476 599 3531 pore
622 3457 716 3512 miram
745 3472 809 3526 erga
838 3472 880 3509 ane
910 3454 1109 3509 observantiam
1139 3452 1298 3513 simulabat.
1328 3453 1397 3526 apud
1426 3453 1563 3526 hospitem
1592 3469 1680 3507 meum
1710 3452 1820 3507 ell'rnivit

532 3543 667 3616 quadani.
692 3558 723 3596 ex
747 3539 845 3613 quihus
868 3538 991 3611 liquebat
1013 3537 1088 3592 illum
1112 3554 1208 3610 parum
1232 3538 1317 3592 amico
1341 3555 1401 3591 esse
1425 3538 1450 3591 in
1473 3554 1515 3591 mc
1539 3536 1644 3597 aninlo:
1669 3538 1738 3592 idem
1763 3536 1821 3590 lecit

532 3628 575 3682 hie
598 3626 720 3686 basileae,
748 3642 831 3697 aluum
861 3623 982 3696 quotidie
1011 3622 1125 3677 blandus
1155 3639 1198 3677 me
1221 3623 1364 3676 inviseret:
1396 3640 1441 3676 eas
1471 3631 1526 3677 tuin
1558 3620 1663 3676 lalaulas
1692 3638 1747 3676 non
1772 3629 1820 3674 tam

532 3711 654 3784 ignoravi
677 3727 757 3782 qnam
780 3708 941 3781 contempsi.
985 3707 1072 3774 Quum
1095 3708 1147 3761 huc
1168 3706 1287 3762 venisset
1303 3706 1452 3767 lluttenus‚
1476 3723 1525 3779 per
1540 3705 1685 3761 llenricnm
1702 3705 1821 3778 le'pphen·

531 3796 658 3868 daupiurn
681 3794 803 3849 excusavi
826 3792 1010 3865 colloquium,
1034 3791 1086 3846 nisi
1110 3791 1174 3866 quid
1196 3799 1269 3846 esset
1291 3791 1330 3846 rei
1353 3791 1446 3851 seriae:
1469 3790 1533 3844 mibi
1558 3790 1677 3846 narravit
1699 3789 1847 3863 appion-:a

531 3880 644 3952 dorpius
672 3895 726 3933 non
755 3877 839 3932 semel
866 3877 938 3950 quod
968 3876 1090 3957 mandata
1120 3876 1189 3931 hona
1218 3875 1270 3930 lide
1299 3874 1454 3936 retulisset,
1484 3875 1557 3947 quud
1580 3873 1717 3929 lluttenus
1739 3890 1819 3928 meam

531 3962 732 4018 excusationem
756 3961 819 4017 honi
842 3959 1046 4022 consuluisset:
1075 3979 1105 4016 cx
1130 3959 1312 4017 llereshacbio
1341 3967 1368 4015 et
1392 3959 1500 4014 llntteni
1529 3958 1630 4013 litteris
1658 3957 1819 4032 deprehendi

531 4065 589 4102 rein
611 4063 688 4101 secus
711 4044 818 4100 hahere.
864 4062 946 4117 quum
969 4045 1012 4100 hie
1035 4045 1181 4100 etiamnum
1206 4053 1300 4117 ageret
1323 4044 1457 4099 liuttenus
1480 4052 1508 4098 et
1530 4044 1601 4098 inter
1624 4060 1690 4098 suos
1718 4041 1820 4098 sodales

532 4133 660 4186 lremeret
682 4130 710 4184 in
733 4148 774 4185 me
796 4130 854 4184 dira
877 4129 1019 4190 minitans,
1049 4129 1276 4203 Eppbendorpius
1305 4130 1362 4184 liaeo
1385 4129 1474 4184 omnia
1496 4126 1671 4183 dissimulans
1695 4127 1770 4182 linxit
1792 4123 1819 4179 il-

531 4216 586 4271 lnm
609 4223 705 4288 pacato
729 4233 789 4270 esse
813 4215 839 4269 in
864 4232 905 4270 ine
928 4214 1025 4292 animo.
1071 4214 1160 4287 siquid
1183 4213 1248 4268 inihi
1271 4213 1342 4269 inter
1364 4212 1590 4268 conlahulandum
1606 4211 1759 4271 excidisset,
1782 4211 1846 4263 tar-o

530 4300 728 4374 terpretatione
750 4301 938 4374 depravatum,
968 4298 1043 4354 velut
1066 4298 1149 4358 illud,
1179 4299 1288 4369 roganti
1312 4298 1375 4368 rynibi
1399 4296 1574 4370 quamohrem
1596 4295 1731 4352 lluttenus
1759 4294 1819 4349 scri·

530 4386 631 4460 psissct
653 4386 851 4441 amarulentum
873 4383 993 4440 libellum
1017 4383 1044 4438 in
1066 4383 1193 4439 comitem
1215 4371 1379 4444 Palatirium.
1404 4382 1587 4455 quem-etiam
1610 4381 1743 4437 aditurus
1765 4385 1818 4433 erat

689 4511 732 4518 ..-

597 4569 605 4600 ¹
625 4567 772 4633 Lonieero]
792 4568 910 4628 Ioanne,
930 4573 1009 4632 puto,
1035 4564 1230 4630 Morbnrgensi
1248 4565 1330 4613 trium
1349 4564 1504 4629 linguarum
1527 4563 1693 4627 professore.
1723 4561 1817 4611 Leoni·

531 4672 595 4706 cero
613 4657 639 4702 2.
693 4651 811 4718 ²isque]
831 4668 889 4716 usq;
904 4656 929 4701 1.
949 4657 1032 4713 atque
1046 4653 1070 4697 2.
1130 4649 1335 4712 ³Illaeiafetden.
1401 4644 1816 4712 ¹²10netaerum11aaaer.i.e.

527 4741 630 4790 nobilis
649 4739 766 4789 iuvenis.
820 4737 841 4769 ¹⁶
858 4735 914 4802 hie]
934 4735 978 4783 hie
991 4736 1016 4783 1.
1073 4733 1093 4765 ²¹
1113 4734 1236 4798 Vtrumq;
1251 4737 1275 4784 l.
1339 4730 1360 4763 ²²
1378 4729 1497 4799 scytale]
1517 4731 1680 4781 secretioris
1698 4728 1818 4794 epistolae

528 4840 614 4888 genus
633 4824 705 4889 opud
724 4821 964 4882 Lacedaemonios,
985 4821 1019 4869 de
1039 4805 1091 4883 qno
1109 4835 1135 4871 v.
1149 4817 1220 4869 Gell.
1233 4819 1265 4868 N.
1280 4819 1311 4867 Α.
1325 4816 1412 4866 XVII.
1425 4816 1450 4865 a.
1520 4813 1543 4846 ²⁵
1560 4819 1743 4880 posteaquam
1761 4807 1817 4874 etc]

527 4909 624 4959 Utrum
643 4907 833 4972 impotentiam
853 4920 888 4954 nn
907 4904 1105 4969 impudentiam
1118 4903 1226 4952 Erasmi
1243 4904 1333 4967 magis
1353 4901 1520 4949 abomineris
1539 4899 1676 4963 ambigas.
1725 4897 1746 4930 θ’*
1762 4911 1819 4946 nar·

528 4999 603 5041 roret
622 4994 645 5040 1.
665 4996 793 5040 narraret
811 4993 836 5038 2.
906 4986 928 5020 ⁴²
946 4990 988 5037 De
1007 4988 1059 5036 hec
1077 4988 1196 5036 Hntteni
1214 4987 1243 5036 in
1262 4987 1390 5037 comitem
1408 4984 1567 5035 Palatinum
1586 4985 1692 5048 scripto
1716 4995 1819 5032 amaru·

527 5075 602 5124 lento
620 5074 716 5125 lihello
734 5076 785 5124 boe
804 5089 886 5124 unum
905 5074 1014 5123 Eresmi
1032 5072 1220 5121 testimonium
1238 5070 1381 5119 liabeiuus.
