4367 6084
539 724 613 793 270
713 738 910 787 cccxxxln.
927 752 1046 787 sponsus
1059 751 1164 786 neusin
1178 752 1321 786 snvsnsvs
1335 751 1507 786 ssessuassss
1521 752 1654 787 nvmnl.

537 916 596 968 talc
616 914 759 982 perpetuo
774 916 872 982 posset
895 909 947 965 uti.
992 901 1069 965 *sed
1088 908 1177 965 iidem
1199 911 1251 979 qui
1266 906 1476 981 permittebant
1494 906 1666 979 hospitium,
1685 907 1822 964 admane-

537 1011 621 1077 bant,
643 1017 823 1082 temperaret
843 1024 862 1064 u
884 1008 977 1065 uerbis
996 1008 1076 1065 uncle
1098 1011 1236 1065 tumultus
1258 1010 1375 1080 aliquid
1393 1010 1479 1067 irasci
1494 1014 1607 1082 posset,
1630 1010 1823 1066 multominus

536 1111 734 1185 approbaturi
750 1112 824 1167 tales
844 1110 967 1167 libellos.
1013 1110 1024 1165 l
1030 1110 1119 1166 'mum
1139 1111 1218 1182 siqui
1234 1117 1303 1167 sunt
1322 1125 1393 1182 quos
1410 1125 1467 1167 uon
1487 1110 1684 1181 praealtae
1707 1109 1823 1177 inuidia,

535 1213 701 1270 cuiusmodi
718 1218 787 1269 suat
803 1213 888 1269 mttlti
907 1212 1000 1282 ipnoli
1021 1218 1074 1267 aut
1095 1219 1155 1268 tum
1174 1218 1306 1283 potentes
1327 1218 1358 1268 ut
1377 1212 1491 1284 possint
1510 1217 1710 1281 contemnere,
1734 1205 1825 1283 *quid

522 1315 592 1396 'lroc
614 1314 657 1371 ud
676 1329 736 1383 mc,
765 1314 818 1385 qni
838 1315 889 1370 oin
909 1311 1032 1370 subsisto
1050 1311 1194 1368 aduersus
1215 1313 1371 1382 inuidiam,
1397 1329 1452 1369 nee
1472 1312 1565 1370 babeo
1586 1319 1652 1385 quo
1664 1328 1711 1368 mc
1732 1318 1821 1380 tuear,
1841 1329 1850 1365 s

467 1427 525 1475 §.ss
537 1417 596 1473 nisi
614 1416 706 1471 solam
725 1409 946 1471 iratocenttiam?
977 1412 1097 1470 oesma
1113 1420 1209 1470 autem
1235 1415 1344 1471 mirari
1364 1430 1410 1471 me
1431 1416 1577 1472 tantillum
1599 1420 1730 1471 metuere
1749 1415 1824 1469 inri-

536 1517 629 1586 diam,
658 1530 717 1587 qua
739 1517 823 1573 nuda
839 1516 932 1588 pestis
955 1517 1113 1583 nocentior,
1144 1517 1197 1586 qui
1211 1515 1421 1588 perpenderit,
1445 1517 1525 1588 quad
1543 1516 1735 1572 *cardinalis
1758 1514 1823 1570 elia-

532 1618 674 1689 qnntinus
692 1617 810 1689 pridem
826 1616 984 1674 Halteaum
1006 1632 1097 1673 esua
1115 1614 1239 1686 familia
1260 1617 1417 1685 dimiserit,
1440 1632 1497 1673 non
1517 1617 1552 1674 ob
1574 1616 1661 1674 aliud
1678 1617 1738 1672 uisi
1750 1616 1826 1687 quod

534 1721 623 1776 nollet
647 1735 705 1791 per
731 1719 813 1775 illam
842 1718 955 1775 inuidia
982 1718 1155 1790 deprareai.
1199 1717 1399 1775 *Franclscus
1421 1716 1598 1792 Sqebenias,
1628 1734 1686 1790 quo
1707 1720 1825 1774 consilia

534 1821 644 1878 dimisit
662 1819 820 1876 Haltenam
848 1821 886 1877 ab
906 1836 982 1889 sese,
1007 1821 1065 1877 nisi
1085 1822 1156 1892 quia
1177 1820 1286 1877 uitabat
1303 1816 1469 1878 inuidiam?
1500 1814 1582 1888 *Oui
1600 1818 1730 1878 Hutteno
1751 1835 1824 1874 saa-
1837 1836 1855 1874 n

532 1923 624 1994 quine
649 1923 879 1979 coniunctissimi
902 1927 983 1992 sunt,
1015 1938 1093 1994 quur
1114 1923 1229 1978 malunt
1247 1923 1330 1978 illum
1353 1922 1454 1979 abesse
1475 1938 1494 1978 a
1512 1921 1746 1994 possessionibus
1764 1937 1825 1992 pa-

535 2025 640 2093 ternis,
671 2024 730 2079 nisi
749 2022 830 2095 qaod
849 2030 980 2080 metuunt
1000 2019 1167 2082 inuidiam?
1198 2023 1273 2080 Htec
1292 2038 1358 2081 cum
1387 2025 1463 2080 nulli
1485 2025 1544 2095 sint
1572 2023 1716 2090 obscura,
1747 2023 1825 2078 solus

467 2137 484 2187 i.
491 2139 523 2183 st.
534 2124 678 2181 Erasmus
697 2126 797 2181 metuit
810 2124 961 2181 inuidiam.
997 2123 1071 2182 ‘Nau
1090 2127 1218 2197 oportuit
1237 2127 1384 2184 contemni
1403 2140 1487 2197 quem
1509 2141 1595 2196 repes
1614 2139 1652 2180 ac
1671 2123 1825 2196 principes

497 2287 504 2300 ,
533 2227 651 2298 diqnati
669 2232 737 2283 sunt
757 2228 886 2298 alloquio
908 2223 978 2284 suo!
1020 2226 1079 2283 Per
1101 2241 1146 2283 me
1167 2243 1241 2284 sane
1263 2244 1321 2283 aon
1342 2228 1491 2283 minuetur
1518 2228 1656 2283 maiestas
1677 2223 1827 2280 Hutleaiei

533 2329 666 2386 nominis.
719 2328 773 2385 sed
798 2343 856 2385 aon
881 2329 1038 2386 cattlemnit
1062 2328 1114 2400 qui
1140 2327 1273 2385 declinat
1298 2328 1454 2397 inuidiam,
1485 2327 1544 2383 nisi
1566 2324 1649 2396 sorte
1675 2331 1855 2382 coritannou

531 2445 630 2502 repom
657 2428 808 2487 Gallorum
837 2431 889 2502 qui
914 2446 959 2487 me
979 2429 1108 2502 cupidus
1129 2430 1270 2502 cupidum
1292 2435 1444 2502 emicunt,
1473 2435 1502 2485 et
1521 2427 1706 2485 adsalutem
1730 2442 1823 2484 meam

528 2530 696 2603 pertinebat
713 2546 776 2586 esse
798 2531 828 2586 in
850 2530 959 2588 Gallia.
1003 2537 1145 2588 ettamen
1169 2531 1298 2588 abstinui
1317 2537 1448 2587 ntetuens
1469 2529 1625 2597 inuidiam,
1646 2529 1729 2601 quod
1749 2531 1824 2585 inter

464 2651 520 2701 §.ss
533 2635 614 2690 illum
636 2638 665 2689 et
687 2631 834 2688 Coesurem
863 2619 992 2688 nondum
1014 2636 1086 2690 satis
1110 2634 1273 2691 corrueniat.
1319 2631 1412 2701 (luttm
1433 2647 1524 2689 essem
1537 2631 1680 2704 proxime
1701 2628 1822 2701 Brupis,

534 2733 698 2790 detrectari
714 2734 888 2804 colloquium
909 2734 989 2805 reqis
1010 2735 1165 2791 cuiusdam
1188 2736 1314 2791 amantis
1335 2735 1404 2803 mei,
1425 2749 1483 2791 non
1499 2732 1579 2805 quod
1599 2741 1822 2798 contemnerem,

532 2827 610 2890 ¹*sed
638 2834 718 2905 quod
744 2834 814 2890 iude
840 2842 995 2893 metuerem
1024 2836 1166 2894 insidiam
1194 2853 1214 2893 a
1241 2834 1490 2904 Romanensibus,
1519 2849 1608 2906 quum
1636 2840 1735 2890 tamen
1765 2847 1853 2889 mortes

463 2938 615 3008 §.sspotui
628 2934 916 3008 prorsuseffuqere.
964 2937 1057 3009 Atque
1079 2939 1191 2994 retinam
1219 2936 1363 2995 llutlenus
1391 2937 1432 2994 ita
1460 2942 1650 3010 temperasset
1671 2950 1728 2992 sua
1750 2951 1819 2992 eoa-

530 3039 612 3107 siliu,
634 3038 677 3093 uti
695 3036 939 3108 quemadmodum
960 3045 1020 3096 lum
1039 3048 1174 3112 respectu
1191 3040 1339 3113 principis
1358 3040 1418 3109 sui,
1438 3040 1523 3095 cuius
1539 3039 1692 3108 neqocium
1707 3036 1821 3107 apetiret,

530 3140 690 3209 honorifica
711 3145 850 3212 acceptus
876 3147 919 3198 est
942 3141 1027 3214 apud
1049 3142 1166 3199 Gallos:
1196 3143 1261 3198 *itu
1281 3156 1361 3197 nunc
1381 3155 1495 3212 quoque
1520 3141 1597 3196 inter
1618 3154 1743 3210 maqnos
1765 3137 1821 3193 btt-

462 3242 648 3307 §.iuberetur
664 3243 814 3313 protiosus
835 3248 988 3314 possetque
1010 3243 1047 3300 ab
1067 3244 1200 3301 omnibus
1219 3244 1296 3300 eitra
1319 3241 1460 3299 inuidiam
1481 3241 1582 3298 amari
1593 3241 1717 3311 colique.
1757 3238 1820 3295 lam

530 3343 697 3401 acromibi
721 3343 788 3400 uide
815 3359 904 3414 quarn
927 3344 1058 3402 odiosam
1084 3360 1206 3402 creusam
1232 3344 1460 3402 comminiscitur
1488 3342 1643 3399 detrectati
1669 3341 1820 3412 colloquii:
1829 3356 1851 3393 es

528 3442 636 3523 *dicas
666 3448 789 3518 equitem
815 3462 877 3504 esse
904 3452 1005 3504 natum
1031 3462 1089 3504 reon
1116 3446 1159 3502 od
1184 3445 1390 3518 equitandum,
1420 3444 1475 3501 sed
1496 3443 1539 3500 ud
1559 3441 1820 3500 calumniandum:

526 3547 652 3604 sciebam
675 3548 786 3619 ipsum,
815 3555 847 3604 ut
867 3549 923 3615 ait,
956 3547 1093 3620 quadam
1121 3563 1234 3606 mecerin
1255 3548 1527 3620 expostulaturum,
1558 3550 1646 3616 utque
1665 3543 1731 3600 ideo
1750 3543 1821 3598 milii

526 3649 604 3705 male
625 3649 759 3705 conscius
775 3647 946 3721 suqitabam
969 3650 1049 3707 iltius
1070 3651 1239 3722 alloquium.
1285 3648 1368 3705 l'nde
1389 3647 1508 3704 tandem
1529 3649 1584 3703 ista
1609 3660 1685 3702 notra
1700 3644 1821 3701 Hutteui

527 3750 685 3816 autoritas,
712 3755 744 3805 ut
763 3751 844 3806 illurn
869 3752 1118 3823 esnpostnlanterm
1140 3767 1232 3808 senen
1254 3752 1385 3808 inuertem
1407 3751 1551 3806 sustinere
1572 3763 1629 3804 nou
1648 3742 1819 3820 potuerim?

458 3869 516 3917 §.a
528 3850 607 3905 irride
631 3855 751 3922 repente
771 3866 811 3907 ex
829 3850 956 3908 Hntteaa
975 3851 1078 3922 factas
1097 3858 1141 3910 est
1159 3852 1230 3909 Cato
1250 3848 1423 3910 censorius?
1452 3850 1531 3907 Solet
1550 3851 1618 3906 olim
1638 3864 1752 3906 nircum
1772 3851 1849 3905 lon

526 3966 618 4021 queas
638 3957 817 4007 reverentem
832 3953 983 4023 quandam
1006 3955 1176 4012 modestiam
1193 3971 1261 4027 prae
1279 3971 1310 4011 se
1329 3953 1430 4026 serre,
1452 3968 1520 4025 quae
1533 3957 1613 4008 certe
1628 3952 1726 4022 maqis
1740 3952 1817 4007 illius

526 4050 648 4116 decebat
670 4056 785 4109 eettdem
813 4069 901 4124 qaam
930 4057 986 4112 ista
1014 4057 1126 4128 linques
1150 4057 1317 4128 calamique
1340 4056 1516 4128 petulantia.
1559 4051 1622 4110 Sed
1642 4051 1723 4109 erade
1744 4068 1816 4110 ron-

457 4156 635 4214 §.micctare
653 4153 750 4225 potui,
772 4154 852 4225 quad
867 4155 989 4214 liaberet
1004 4157 1122 4228 aliquid
1141 4157 1221 4228 quod
1239 4172 1350 4214 mecum
1373 4158 1458 4214 uellet
1478 4149 1692 4228 expostulare?
1724 4154 1815 4222 Ortum

524 4261 599 4312 esset
618 4253 772 4312 Stetstadii
791 4254 838 4332 (ut
858 4258 959 4314 scribit
978 4260 1008 4315 in
1032 4259 1095 4314 suis
1117 4258 1161 4313 ad
1180 4257 1368 4337 molitoris),
1392 4258 1519 4314 dederat
1538 4256 1593 4313 boc
1613 4257 1643 4313 in
1666 4255 1816 4312 mundatis

456 4380 458 4384 ⁷
525 4355 620 4414 Ileato
634 4355 792 4428 tiltentona,
815 4366 847 4415 ut
862 4359 936 4416 milti
954 4360 1138 4432 siqnlticaret
1159 4375 1222 4417 esse
1243 4360 1324 4431 qnod
1340 4361 1370 4417 in
1393 4375 1439 4417 nte
1459 4358 1646 4416 desideraret
1659 4357 1845 4416 Haerentes

601 4628 672 4676 ⁹Do
691 4629 841 4678 Francisea
861 4628 1004 4693 Sickingio
1033 4635 1061 4678 et
1089 4629 1221 4679 mamilius
1243 4630 1361 4678 Halteni
1385 4628 1556 4678 itiondnsinm
1581 4626 1650 4675 dicit
1674 4628 1811 4683 Erasmus,

521 4718 551 4759 ul
569 4713 707 4760 sexcentis
727 4712 790 4761 aliis
808 4713 889 4761 huius
908 4714 1035 4777 Spongiam
1054 4713 1133 4762 locis.
1186 4713 1206 4745 ¹³
1225 4715 1284 4763 Non
1339 4711 1398 4777 suo]
1418 4713 1461 4762 Cf.
1476 4713 1584 4761 ‹sinnino
1598 4712 1712 4775 Expost.
1725 4716 1764 4771 ἕξ.
1777 4712 1811 4759 tn.

520 4794 659 4844 moin).
731 4795 751 4826 ¹⁰
770 4796 812 4845 Cf.
827 4812 909 4861 supro
922 4814 947 4861 p.
965 4796 1019 4845 toss.
1033 4812 1073 4861 sq.
1145 4797 1165 4829 ¹⁹
1184 4797 1268 4862 regis]
1290 4801 1424 4847 llanarurn.
1493 4794 1516 4842 ²²„
1542 4796 1585 4843 Cf.
1606 4795 1659 4844 vol.
1675 4797 1696 4845 I.
1716 4813 1741 4860 p.
1759 4796 1810 4844 toi.

520 4897 545 4929 v.
560 4881 598 4929 ll.
618 4897 643 4943 p.
657 4879 710 4927 171.
729 4880 752 4937 5.
764 4879 789 4927 ⁶2.
825 4879 846 4911 ³⁴
864 4879 964 4945 literis]
984 4872 1033 4930 non
1051 4883 1218 4931 adstantibus.
1261 4881 1652 4947 ³⁵Significavitetia1nsatis
1667 4887 1764 4944 aperte
1778 4878 1810 4927 ad

521 4965 606 5027 ipsum
618 4960 759 5011 Erasffium
773 4965 885 5027 scriptis
899 4966 1025 5028 epistulis
1038 4968 1244 5016 acbxxxlv.
1259 4971 1286 5016 et
1305 4968 1358 5016 CC.
1378 4982 1462 5030 supra
1480 4965 1616 5029 repetitis.
1640 4963 1810 5014 Cantuseral

519 5047 571 5096 tibi
590 5047 681 5108 tibiis,
702 5049 829 5109 Erasme,
855 5049 903 5096 sed
922 5065 975 5099 non
993 5050 1112 5099 saltasti.
