4367 6084
361 771 466 822 CCCL.
475 785 602 821 avianum
613 786 650 820 nn
661 786 768 820 wonrn.
777 786 819 819 nr.
835 770 951 820 ccccl.
960 785 1020 821 nas.
1028 785 1130 820 ausen.
1138 785 1174 820 ao
1184 783 1283 820 onaan.
1291 786 1333 820 nr.
1341 786 1366 819 n.
1376 778 1407 818 u.
1416 785 1476 819 oos.
1486 778 1543 818 tuat.
1582 753 1655 824 383

362 954 390 1001 et
413 946 483 1019 apml
507 954 617 1000 nostros
642 946 824 1007 contraxisse,
846 961 895 999 nee
911 944 999 999 omnia
1015 962 1062 1000 sna
1079 943 1208 1000 solvendo
1224 961 1297 999 esse:
1320 945 1358 999 ita
1374 943 1441 999 nihil
1457 943 1568 1018 reliquit
1584 944 1656 1018 qnod

363 1030 446 1085 ullius
470 1031 505 1085 sit
527 1030 623 1102 pretii.
647 1029 733 1085 lilrros
756 1028 846 1084 nullos
870 1028 978 1090 lraltoit,
999 1028 1196 1102 supellectilem
1215 1027 1315 1084 nullam
1330 1038 1431 1102 praeter
1445 1027 1584 1085 calamum.
1620 1028 1655 1084 Ex

363 1116 445 1170 relius
466 1115 524 1170 eius
547 1114 614 1168 nihil
636 1113 686 1169 vidi
709 1123 773 1188 post
797 1123 911 1169 mortem
936 1131 1014 1187 qnam
1044 1112 1175 1187 epistolas
1203 1113 1320 1186 aliquot,
1356 1131 1423 1186 quas
1452 1113 1513 1168 irinc
1542 1113 1601 1168 inde
1623 1113 1656 1168 alr

363 1199 456 1255 amicis
479 1199 583 1272 aceepit
604 1217 634 1254 ac
657 1199 689 1254 ad
713 1216 761 1254 eos
783 1199 856 1254 misit
878 1198 959 1272 inque
976 1215 1056 1252 uuum
1072 1198 1277 1254 consarcinavit.
1312 1199 1467 1253 saltantem
1484 1198 1673 1272 pridieapud¹

342 1292 417 1340 ⁵uos
440 1284 547 1357 quidam
570 1284 615 1357 qui
640 1283 732 1339 literas
754 1285 786 1339 ad
809 1301 869 1339 eum
892 1283 997 1338 ferebat
1019 1283 1070 1338 iam
1091 1291 1245 1344 mortuum,
1280 1301 1346 1355 quas
1373 1299 1424 1337 nos
1451 1283 1484 1337 ad
1514 1282 1655 1337 llenricum

364 1368 584 1442 Eppoudorpium
605 1368 770 1424 remisimus:
793 1386 823 1423 ex
847 1385 880 1424 eo
903 1367 1082 1423 intelleximus
1106 1368 1228 1423 nonnihil
1252 1368 1309 1440 spei
1330 1366 1464 1440 reliquum
1489 1384 1549 1422 esse
1570 1368 1656 1422 credi·

366 1454 473 1509 tordius
495 1453 622 1515 Hutteni;
657 1462 826 1526 quapropter
847 1452 870 1507 si
898 1451 1117 1526 Eppendorpimn
1138 1451 1283 1508 conuenire
1303 1460 1395 1525 potes,
1427 1451 1539 1507 animone
1561 1452 1655 1514 virum,

364 1546 396 1593 ut
417 1537 467 1593 liae
487 1539 513 1592 iu
533 1554 562 1592 rc
584 1537 727 1594 consilium
750 1536 933 1611 atrxiliutnque
957 1538 1106 1610 impertiat:
1130 1535 1197 1591 nilril
1212 1544 1312 1610 praeter
1328 1537 1379 1592 lroc
1394 1553 1444 1591 nos
1461 1536 1567 1591 consilii
1584 1537 1657 1592 ferre

365 1641 526 1696 possumus:
549 1622 630 1678 delict
652 1622 731 1678 nolu's
754 1640 862 1696 quoque
884 1639 983 1677 aureos
1008 1630 1063 1676 tres
1083 1629 1111 1676 et
1125 1621 1336 1677 connnendatori
1353 1621 1379 1675 in
1396 1619 1534 1677 llussuaelr
1551 1621 1655 1694 viginti.

331 1707 419 1762 ¹⁰Sed
442 1725 476 1762 ne
499 1708 549 1762 lroc
573 1724 681 1780 quoque
706 1706 862 1768 obliviscar,
887 1705 1022 1761 relerelrat
1043 1706 1112 1761 idem
1136 1704 1245 1761 tabellio
1269 1722 1413 1779 superesse
1434 1723 1466 1760 ot
1482 1705 1591 1761 llutteni
1614 1723 1656 1761 re·

365 1809 425 1847 rurn
443 1793 592 1864 naufragio
614 1798 666 1850 200
687 1808 800 1854 aureos,
834 1809 904 1864 epuns
927 1790 1134 1865 Eppendorpius
1162 1791 1278 1846 sortasse
1305 1791 1453 1863 adepturus
1482 1798 1569 1853 esset;
1603 1809 1655 1863 ego

364 1894 416 1950 pro
439 1877 658 1932 cornutendatore
680 1885 735 1931 tuni
758 1876 791 1931 ad
811 1875 1029 1949 Eppendorpium
1052 1875 1162 1949 scripsi,
1185 1875 1232 1930 sed
1255 1876 1384 1930 lracterms
1405 1875 1471 1930 niltil
1495 1892 1656 1949 responsum

364 1968 415 2016 est.
454 1978 505 2016 oro
534 1961 618 2034 igitur
639 1969 668 2016 ot
693 1960 782 2034 siquid
806 1959 855 2016 titi
876 1961 997 2016 evenerit
1019 1977 1074 2033 quo
1097 1977 1205 2033 speres,
1235 1960 1321 2015 eidem
1348 1978 1426 2015 suum
1450 1977 1559 2033 quoque
1582 1961 1656 2015 reddi

364 2045 516 2117 significem
539 2047 571 2101 de
590 2047 657 2101 nreis
673 2044 739 2100 nilril
756 2063 864 2106 moror,
888 2045 977 2118 siquid
999 2046 1134 2101 redditum
1151 2045 1217 2107 erit,
1237 2045 1353 2119 capiam,
1370 2045 1411 2100 siu
1428 2045 1524 2107 minus,
1540 2045 1656 2100 «torreto

329 2138 354 2177 ta
365 2129 428 2184 Vale
452 2138 479 2186 et
500 2131 640 2204 negotium
658 2129 758 2184 Clrristi
780 2138 911 2204 quantum
933 2138 1013 2202 potes
1035 2130 1144 2185 atlinva:
1167 2129 1253 2185 victus
1276 2138 1318 2184 est
1340 2147 1370 2184 ac
1392 2130 1477 2184 lerme
1495 2129 1657 2203 prolligatus

364 2232 379 2268 e
403 2214 542 2270 Germania
568 2215 703 2270 Romanus
729 2216 866 2288 pontifex:
900 2223 1025 2287 superest
1053 2222 1082 2270 ut
1111 2232 1184 2269 arina
1211 2215 1269 2270 eius
1292 2231 1401 2287 tpuoquc
1428 2215 1586 2269 auferantur
1616 2214 1656 2287 (ea

364 2316 426 2371 quau
453 2299 522 2360 sint,
547 2298 603 2373 ipse
625 2299 721 2354 melius
743 2299 841 2372 nosti),
874 2317 933 2373 qua
959 2317 1009 2354 nos
1030 2300 1082 2355 iam
1104 2315 1194 2372 pugna
1220 2299 1339 2355 onmium
1360 2299 1527 2355 atrocissima
1551 2306 1656 2362 manet;

364 2383 412 2438 sed
435 2391 574 2458 spectator
595 2385 671 2440 adest
689 2384 822 2440 Christus.
867 2384 903 2439 Ex
925 2384 1026 2456 Tiguro
1053 2392 1090 2442 tt.
1115 2384 1171 2438 Oet.
1198 2391 1271 2444 1523.

1128 2467 1314 2525 *lluldriclms
1337 2467 1476 2541 Zirirrglius
1499 2477 1570 2524 tutis.

328 2558 356 2598 ao
697 2589 745 2601 ..
810 2587 818 2606 ,
881 2586 886 2596 .
986 2587 991 2596 .
1044 2587 1093 2606 ,.
1184 2588 1187 2596 .
1334 2590 1337 2596 .

605 2587 777 2659 Inscriptio:
799 2586 886 2641 lratrr
910 2605 960 2643 suo
984 2605 1012 2642 m
1032 2588 1140 2644 tlirrsto
1162 2586 1261 2644 dilecto
1280 2586 1418 2643 Basrlcam.

869 2802 1183 2819 *uv-
1197 2815 1205 2817 μ

382 3020 517 3055 nisum.
745 3002 750 3012 '
779 3053 786 3064 .
860 3037 863 3047 ·
931 2989 1097 3065 CCCLI.

840 3164 986 3220 antttt's
1007 3162 1184 3219 attlussautt

639 3261 688 3310 AD
707 3259 936 3310 BONIFACIVM
959 3262 1144 3311 AVENIONE
1164 3261 1374 3311 DEGENTEM.

1290 3351 1316 3388 x.
1340 3349 1408 3389 (ΒΑΒ-
1430 3351 1504 3391 NOV.

328 3472 355 3510 25
450 3448 558 3505 Ulrirlto
589 3449 622 3505 ab
649 3449 749 3506 llutten
783 3458 928 3506 autumnus
956 3450 1045 3506 fatalis
1070 3450 1130 3506 luit.
1170 3469 1229 3507 cirin
1258 3469 1343 3525 prope
1372 3452 1501 3523 'ligurum
1532 3453 1656 3527 reliquiae

365 3533 453 3588 morbi
476 3532 570 3588 Gallici
591 3553 652 3590 eum
676 3535 702 3589 in
725 3533 824 3591 lectum
844 3535 1026 3597 coniicoreut,
1050 3534 1094 3590 ille
1123 3534 1215 3591 rolens
1241 3554 1297 3591 sure
1318 3535 1399 3591 saluti
1421 3536 1578 3597 consulere.
1601 3557 1656 3594 mc·

363 3619 439 3673 rlicos
468 3635 616 3689 accersere·
636 3618 727 3681 iulet:
761 3619 854 3675 medici
882 3620 1033 3694 pharmacis
1060 3620 1115 3675 sive
1146 3620 1211 3675 nilril
1239 3629 1350 3693 agentes
1378 3621 1525 3676 exanimem
1549 3621 1655 3678 Caleud.

364 3701 516 3775 Septembr.
537 3702 716 3777 reliquerunt.
757 3705 808 3772 Qui
834 3704 934 3761 utinam
957 3704 1208 3778 Expostulationern
1231 3723 1321 3768 soaur,
1346 3722 1397 3778 qua
1420 3705 1575 3779 expostulat
1594 3725 1655 3764 curn

275 3846 278 3853 ,
364 3786 476 3842 Erasmo
504 3788 698 3849 lloterodamo.
726 3789 940 3862 suppressisset:
972 3790 1068 3846 suisset
1090 3790 1142 3846 lioc
1164 3799 1192 3844 et
1214 3791 1240 3845 in
1263 3807 1319 3846 rem
1343 3808 1418 3846 suam
1441 3799 1468 3846 et
1494 3792 1655 3848 studiorum.

327 3870 492 3932 aollrasmus
515 3872 582 3928 lianc
604 3882 722 3928 atrocem
740 3873 988 3947 Expostulationem
1012 3876 1083 3931 lerre
1107 3892 1160 3931 uon
1183 3875 1273 3931 valens
1296 3875 1423 3949 apologia
1439 3893 1469 3932 se
1485 3883 1585 3932 tuetur.
1616 3877 1656 3933 Tu

365 3956 387 4009 si
411 3973 508 4029 posses
531 3975 580 4030 per
603 3957 690 4012 ocium
715 3957 756 4013 lac
776 3956 849 4031 legas
873 3978 933 4032 quae
959 3961 1068 4034 scripsit
1092 3959 1232 4022 Erasmus:
1261 3961 1372 4033 attingit
1397 3961 1540 4034 negocium
1563 3963 1656 4036 paucis

364 4040 591 4103 Lutherauormn.
632 4050 757 4115 prostant
780 4043 807 4097 in
829 4044 933 4100 aedibus
953 4044 1060 4100 loannis
1080 4044 1275 4102 Wattensclme
1304 4046 1344 4101 tit.
1375 4045 1484 4120 preluis
1514 4061 1656 4104 srouorn

363 4139 485 4181 nuasur
508 4142 670 4183 nornnoo.
693 4143 861 4185 anteusus
884 4144 1085 4186 serenantes
1110 4146 1267 4192 uvarum,
1300 4129 1370 4185 alter
1388 4131 1430 4186 tit.
1460 4147 1593 4188 vnurcru
1615 4149 1655 4189 aa

364 4225 494 4266 uvrrnu
518 4226 582 4268 cvu
601 4227 731 4269 suasero
754 4227 915 4269 nornuon.
939 4229 1167 4277 rensuum-mo,
1201 4230 1375 4272 runonooo
1395 4232 1655 4274 uarosnvnarro.

399 4389 500 4442 CCCL.
520 4393 561 4442 Ex
574 4392 650 4442 MSS.
671 4394 759 4458 Epist.
778 4395 880 4443 mutuis
897 4395 1061 4445 Amerboch.
1082 4397 1114 4445 G.
1136 4396 1171 4444 Il.
1189 4393 1241 4446 13¹².
1262 4395 1328 4445 milri
1346 4398 1523 4461 transcripsit
1541 4414 1566 4448 v.
1586 4398 1620 4449 cl.

939 4478 1086 4544 Stintaing.

430 4609 442 4641 ⁹
455 4610 680 4677 commendatori]
699 4613 825 4663 Conrado
838 4613 985 4665 Schmidio.
1011 4614 1054 4663 Cf.
1068 4629 1151 4678 supro
1164 4615 1281 4664 Hutteni
1300 4631 1342 4680 ep.
1362 4615 1395 4664 ad
1410 4615 1581 4679 Zwinglium.

431 4692 453 4726 ²³
472 4695 578 4762 nomm]
598 4697 713 4747 fratrem
759 4696 780 4729 ²⁷
794 4696 854 4746 Cal.
869 4694 955 4763 Sept]
976 4697 1018 4747 ct.
1033 4714 1059 4763 p.
1073 4697 1131 4748 353.
1146 4714 1171 4748 v.
1188 4698 1226 4748 17.
1241 4715 1266 4763 p.
1281 4697 1338 4748 373.
1353 4715 1377 4747 v.
1391 4700 1434 4747 ⁸24.
1452 4700 1513 4748 Non
1526 4702 1656 4750 convenit

363 4777 415 4827 lioc
434 4779 467 4828 de
487 4781 531 4830 die
551 4782 633 4830 fatali
646 4781 812 4830 Amerbnclri
831 4782 1017 4831 testimonium
1036 4798 1097 4832 cum
1112 4782 1182 4833 aliie.
1198 4785 1235 4832 cf.
1249 4798 1332 4847 snpua
1351 4800 1376 4846 p.
1385 4781 1444 4833 2113.
1458 4800 1483 4834 u.
1498 4784 1540 4832 21.
1555 4801 1581 4849 p.
1595 4784 1653 4834 352.

363 4879 389 4912 v.
407 4863 445 4912 17.
459 4881 485 4929 p.
493 4864 551 4915 353.
567 4881 591 4915 t'.
605 4865 646 4915 13.
661 4882 686 4930 p.
701 4864 759 4915 378.
774 4881 799 4915 v.
816 4864 855 4914 18.

825 5014 1203 5031 ω*
