4367 6084
554 701 625 771 176
713 713 844 763 cccvii.
859 730 961 764 consur
977 729 1039 763 nor.
1053 730 1089 764 ao
1104 730 1218 763 ranerii
1232 731 1376 767 carninrri
1390 731 1432 765 cr.
1447 732 1472 765 ιι.
1489 724 1506 765 t.
1521 731 1601 765 rnna.
1619 722 1677 765 152³.

481 909 539 958 geo,
550 889 675 962 suspicor
697 887 768 942 onim
792 888 849 941 hec
871 904 937 942 esse·
954 885 1033 941 verba
1057 887 1156 959 quibus
1179 888 1352 944 olleoduutor
1374 906 1405 944 es
1427 889 1515 962 capito
1537 906 1619 944 nono.
1665 906 1748 961 quum
1771 888 1840 942 enim

548 973 753 1048 proposuissent
777 970 927 1044 improbant
950 972 1129 1044 iltiiestioneru
1153 972 1284 1027 obiectant
1306 974 1371 1035 deo,
1401 992 1461 1046 quae
1483 981 1599 1029 ciuitatur
1621 972 1660 1027 illi
1691 973 1841 1046 impingere

549 1058 724 1117 iniusticianr,
749 1057 824 1117 imo,
849 1073 980 1128 mquam,
996 1055 1120 1110 nonnihil
1136 1065 1178 1111 est
1194 1057 1220 1111 ιιι
1244 1057 1381 1112 voluntate
1403 1066 1558 1130 conatuque
1581 1058 1679 1118 situm,
1704 1057 1768 1112 licet
1791 1058 1841 1111 boc

549 1144 585 1198 ita
607 1142 643 1196 sit
665 1142 805 1212 exiguom,
833 1149 867 1194 ut
889 1141 921 1196 ad
944 1140 986 1196 dei
1009 1142 1155 1212 gratuitam
1178 1141 1380 1198 beneficentiam
1410 1142 1476 1197 nihil
1504 1160 1566 1198 esse
1594 1143 1732 1202 rideatur2
1761 1159 1841 1196 nemo

547 1229 689 1284 damnatur
716 1225 768 1280 nisi
799 1243 846 1280 sua
875 1224 967 1298 eulpa,
997 1242 1077 1280 nenio
1106 1233 1229 1281 serrator
1251 1227 1302 1281 nisi
1325 1227 1367 1281 dei
1391 1227 1535 1286 beneficio:
1564 1244 1597 1283 eo
1619 1227 1750 1297 dignatur
1772 1239 1864 1298 quoss

549 1312 621 1370 volt.
646 1311 692 1367 sed
715 1311 751 1365 ita
775 1318 805 1363 ιιι
827 1310 863 1364 sit
884 1310 917 1364 de
940 1328 994 1382 quo
1017 1310 1120 1381 gratias
1142 1329 1220 1382 agas,
1245 1328 1298 1366 non
1322 1312 1358 1366 sit
1381 1312 1452 1384 qnod
1475 1311 1614 1384 queraris’.
1659 1311 1721 1366 llaec
1743 1310 1770 1365 ιιι
1795 1310 1843 1385 Ra·

481 1395 682 1469 quuraphrasi.
727 1393 853 1449 Videbam
877 1394 938 1448 hinc
961 1393 1056 1467 Scyllae
1078 1392 1229 1466 pericnlum
1253 1395 1367 1450 illiciens
1390 1397 1421 1450 ad
1449 1396 1574 1451 fiduciam
1603 1413 1729 1468 operum.
1760 1412 1843 1467 quarn

550 1498 602 1552 ogo
625 1488 729 1553 postem
753 1478 893 1549 religionis
916 1479 1056 1533 uiariioam
1080 1497 1140 1533 osse
1164 1480 1267 1541 lateor;
1296 1479 1369 1536 illinc
1393 1480 1512 1535 ridebam
1535 1480 1709 1553 Charybdim,
1741 1477 1842 1533 malunt

549 1567 630 1621 etiam
653 1562 864 1623 formidabilius,
889 1580 943 1636 quo
967 1580 1036 1618 nunc
1059 1580 1114 1617 non
1137 1565 1214 1636 pauci
1239 1572 1378 1625 tenentur.
1402 1565 1523 1620 dicentes
1540 1565 1735 1637 'Olrsequcrnur
1750 1564 1842 1617 animo

549 1659 661 1711 nostro,
694 1649 749 1703 sire
772 1657 931 1728 torquemus
955 1647 1094 1721 nosipsos,
1123 1649 1178 1704 sire
1201 1648 1372 1722 indulgemus
1395 1650 1498 1710 animo,
1528 1658 1616 1704 tamen
1639 1646 1745 1704 eieoiet
1769 1647 1841 1720 quod
1856 1662 1877 1699 ιιι

549 1734 637 1790 semel
655 1733 752 1788 statuit
772 1732 862 1787 deos':
886 1731 977 1805 itaque
1001 1749 1153 1787 sermonem
1176 1751 1264 1789 meum
1287 1735 1442 1790 moderatos
1465 1752 1538 1794 suin,
1561 1742 1592 1788 ιιι
1607 1733 1747 1788 ιιιιιιιιιιιιιιι
1764 1732 1843 1804 quid·

549 1821 609 1874 dam
633 1818 779 1873 tribuerent
804 1817 889 1871 libero
920 1816 1047 1877 arbitrio,
1077 1834 1110 1870 nc
1140 1818 1286 1873 fenestram
1314 1819 1447 1891 aperirem
1478 1827 1531 1873 tam
1558 1818 1666 1891 capitali
1697 1816 1841 1876 socordiae,

549 1914 579 1959 ιιι
601 1904 706 1958 altiocto
730 1901 802 1957 ouini
825 1907 923 1957 conatu
947 1901 1007 1956 ritae
1031 1900 1165 1963 tuelioris,
1196 1903 1268 1975 qood
1291 1921 1341 1958 suo
1364 1903 1453 1958 animo
1475 1902 1634 1958 collubiturn
1659 1901 1743 1956 inerit
1767 1894 1868 1972 quis-⁴

551 1973 603 2061 qoe'
627 1989 741 2046 iaceret:
765 1994 791 2041 et
816 1993 903 2041 tamon
926 1985 983 2042 bruc
1006 1985 1155 2041 scribebam
1179 1987 1290 2057 ignarus
1313 1989 1396 2043 luisse
1412 2005 1565 2068 quenquam
1588 1988 1633 2060 qui
1650 1986 1773 2041 lunditos
1791 1984 1843 2040 tol·

482 2092 539 2141 nor.
552 2074 621 2129 leret
642 2089 748 2128 ornnem
772 2070 849 2126 liberi
872 2069 976 2125 arbitrii
999 2071 1066 2131 riin;
1098 2071 1169 2143 qnod
1197 2072 1295 2142 dogma
1323 2072 1429 2149 etiamsi
1460 2073 1524 2127 ιιιιΙιι
1551 2079 1690 2127 constaret
1713 2088 1775 2125 esso
1798 2086 1878 2125 tre-rs

549 2177 622 2218 ιιιιιι.
646 2156 729 2212 ιιοιιιιι
754 2165 842 2210 tamen
866 2155 944 2210 nudis
968 2154 1056 2209 verbis
1079 2155 1105 2208 iu
1128 2155 1225 2228 vulgus
1249 2174 1354 2211 sorore:
1379 2174 1448 2211 nnnc
1472 2157 1533 2230 quis
1555 2156 1642 2211 nescit
1663 2156 1696 2210 de
1713 2156 1771 2209 lato
1787 2155 1842 2209 dis·

549 2251 673 2318 putatum
696 2242 767 2296 iuter
789 2239 970 2313 philosophos
992 2248 1054 2294 anto
1077 2240 1213 2295 Christum
1237 2243 1347 2296 natum?
1370 2249 1397 2295 et
1421 2242 1481 2297 bine
1504 2241 1536 2296 ad
1552 2259 1602 2296 nos
1618 2250 1751 2295 venerunt
1767 2257 1841 2311 quio·

549 2329 653 2384 stiones
676 2323 890 2398 inexplicabiles,
919 2325 953 2379 de
976 2324 1159 2397 praescientia,
1187 2325 1221 2380 dc
1245 2325 1483 2400 praedestinatione
1505 2326 1563 2387 dei,
1586 2327 1620 2379 de
1643 2325 1730 2380 libero
1753 2324 1841 2378 borni·

549 2414 591 2468 nis
614 2411 742 2472 arbitrio,
771 2410 803 2464 do
834 2409 933 2463 sotoris
960 2408 1197 2481 contingentibus,
1229 2411 1255 2464 in
1279 2410 1377 2483 quibos
1401 2410 1520 2465 arbitror
1543 2410 1677 2484 optimum
1698 2426 1760 2464 esse
1785 2425 1840 2462 non

548 2495 689 2553 admodum
712 2494 789 2549 auxio
813 2493 925 2561 versari,
955 2493 1062 2566 quando
1085 2493 1199 2567 abyssus
1222 2504 1263 2550 est
1287 2494 1557 2568 impervestigabilisg
1585 2494 1675 2549 malini
1698 2512 1730 2548 oa
1749 2491 1873 2547 incid-to

548 2600 609 2637 carc
632 2599 692 2653 qnae
715 2596 765 2633 nos
788 2578 933 2632 hortantur
954 2577 986 2631 ad
1010 2578 1096 2632 modis
1120 2579 1245 2634 omnibns
1266 2580 1417 2634 conandum
1448 2579 1564 2652 optima,
1595 2578 1660 2633 nibil
1685 2584 1776 2633 tamen
1801 2577 1841 2630 in·

549 2667 627 2721 terior
650 2663 729 2718 nobis
752 2670 927 2733 arrogantes,
956 2662 1061 2715 etiamsi
1091 2663 1238 2734 quidesse
1261 2672 1385 2719 nostrum
1408 2665 1507 2736 possit,
1530 2664 1577 2719 sed
1601 2671 1688 2717 toturn
1711 2662 1840 2716 iudiciuin

549 2750 702 2805 ‹leserentes
730 2746 837 2800 Christo
865 2763 925 2801 cuni
954 2745 1023 2801 bona
1046 2745 1140 2802 hducia
1163 2748 1196 2806 «o
1219 2748 1292 2803 illius
1315 2748 1482 2820 benignitate
1506 2748 1676 2821 potissimum
1697 2754 1839 2818 concepta.

480 2832 714 2900 §.oal’ronuneict
742 2831 784 2885 hic
812 2830 896 2901 igitur
922 2848 997 2886 mens
1027 2830 1072 2886 ille
1101 2833 1192 2891 iudex.
1223 2851 1255 2887 ao
1285 2834 1348 2888 mihi
1378 2833 1451 2888 relut
1479 2834 1570 2887 autori
1591 2831 1686 2887 debeat
1704 2831 1839 2904 imputari

549 2919 620 2992 quod
644 2934 722 2972 neruo
745 2925 865 2971 notorum
888 2934 917 2970 ac
940 2916 1087 2972 recentium
1112 2934 1165 2971 non
1188 2917 1268 2978 dinit;
1297 2935 1329 2972 an
1357 2935 1463 2990 aequum
1490 2918 1527 2972 sit
1554 2934 1658 2972 inecurn
1681 2916 1730 2970 hac
1752 2916 1787 2970 de
1810 2931 1873 2970 reas

548 3003 669 3074 litigare,
693 3018 753 3056 cuni
777 3000 869 3073 potius
892 3001 1026 3073 agendum
1049 3002 1084 3055 sit
1107 3019 1167 3057 cum
1191 3009 1232 3057 tot
1253 3003 1335 3064 huius
1358 3003 1501 3063 sententiae
1517 3001 1678 3061 autoribus,
1709 3001 1755 3072 qni
1780 3017 1839 3055 rein

548 3107 581 3143 ex
603 3087 728 3161 professo
753 3092 883 3145 tractant,
913 3103 995 3158 quoin
1024 3104 1076 3157 ego
1106 3086 1195 3146 obiter
1223 3087 1248 3141 ιιι
1271 3087 1430 3159 paraphrasi
1459 3087 1551 3160 paucis
1574 3085 1720 3157 attigerim.
1765 3083 1836 3138 Fieri

548 3180 656 3246 potest,
685 3179 716 3226 ut
743 3171 869 3243 qnoniam
893 3187 948 3225 non
971 3170 1037 3224 satis
1061 3178 1141 3226 teneo
1164 3172 1253 3226 onniia
1276 3171 1387 3226 botheri
1408 3172 1549 3244 dogmata.
1580 3169 1735 3243 imprudens
1758 3178 1786 3223 et
1810 3170 1836 3224 iu

547 3258 629 3313 aliurn
657 3256 809 3329 quempiam
839 3254 953 3328 lapidem
983 3254 1144 3327 iutpiogarn;
1174 3256 1296 3329 quodsi
1325 3256 1478 3328 contingat.
1508 3273 1571 3310 nuni
1595 3255 1720 3329 protinus
1744 3254 1770 3307 in
1795 3271 1836 3307 nic

550 3345 666 3399 trement
689 3341 761 3396 illius
785 3340 880 3395 antici?
904 3348 945 3395 tot
968 3346 1032 3394 sont
1056 3339 1156 3411 ubique
1178 3341 1223 3412 qui
1247 3341 1351 3412 magnis
1374 3340 1553 3401 clamoribus,
1577 3340 1623 3412 qui
1646 3338 1723 3393 libris
1745 3338 1869 3398 aeditisao

551 3430 577 3483 in
600 3427 711 3482 Lntheri
734 3425 885 3481 doctrinam
907 3424 1161 3486 destoinachantur,
1191 3425 1305 3479 etmihi
1329 3425 1374 3480 uoi
1399 3425 1504 3480 hiscere
1526 3442 1582 3479 uon
1612 3422 1716 3483 licebit,
1746 3422 1836 3494 siquid

479 3504 646 3587 aequarunt
668 3511 803 3565 ardent
840 3508 940 3563 Saltem
963 3509 1014 3565 boc
1042 3510 1193 3564 concedant
1215 3508 1330 3568 bomini,
1360 3518 1390 3564 nt
1413 3527 1473 3564 rere
1496 3509 1634 3568 scribunt,
1665 3505 1836 3567 meticuloso,

548 3615 641 3672 parum
665 3596 785 3654 erudito,
809 3592 910 3649 nullius
933 3593 960 3647 ιιι
982 3593 1034 3647 hoc
1056 3610 1146 3647 rerum
1170 3611 1270 3665 genere
1293 3594 1396 3655 itnlicii‚
1422 3602 1450 3648 nt
1467 3601 1508 3648 tot
1524 3593 1701 3666 probatorum
1716 3592 1836 3646 virorum

549 3681 652 3737 iudiciis
675 3678 826 3735 subscribat
849 3676 959 3738 alicubi,
980 3685 1011 3759 ¹et
1033 3677 1059 3731 in
1084 3677 1200 3733 tumulto
1223 3688 1277 3733 tam
1300 3677 1455 3752 periculoso
1478 3679 1576 3745 tacitus
1599 3678 1625 3731 in
1640 3693 1735 3731 eorum
1749 3675 1837 3729 disee·

547 3769 592 3821 dat
621 3764 784 3819 sententiani
811 3779 927 3834 qnorum
955 3761 1129 3817 autoritatem
1153 3771 1195 3818 tot
1217 3763 1316 3818 seculis
1339 3771 1470 3836 sequutus
1493 3771 1534 3817 cst
1558 3761 1632 3817 orbis
1655 3760 1867 3815 Christianusaa

548 3849 638 3922 Siquis
666 3847 805 3902 Erasmom
834 3864 888 3901 non
916 3853 1008 3918 potest
1036 3864 1127 3901 notare
1155 3855 1185 3902 ut
1212 3847 1393 3902 Christianum
1422 3846 1571 3909 infirmum,
1602 3852 1689 3901 sorrrat
1718 3845 1744 3899 in
1774 3861 1835 3899 etim

547 3951 626 4006 quein
650 3931 721 3987 solet
744 3931 883 3986 allectum:
913 3947 964 4000 ogo
992 3929 1061 3985 alius
1090 3948 1170 4004 quam
1197 3951 1256 3987 sum
1284 3951 1344 3989 osse
1373 3949 1428 3986 non
1456 3949 1577 4005 possum.
1622 3929 1687 3985 sicui
1711 3928 1836 3983 Christus

547 4016 678 4091 impartiit
700 4015 845 4085 grandiora
867 4014 937 4069 dona
960 4013 1087 4086 spiritus,
1111 4024 1139 4071 et
1161 4017 1212 4071 sibi
1236 4018 1305 4077 sulit,
1329 4024 1423 4072 utatur
1446 4016 1472 4070 in
1494 4015 1592 4071 Christi
1616 4014 1746 4087 gloriam:
1770 4013 1834 4068 mihi

548 4102 632 4173 magis
655 4099 764 4154 interitu
786 4099 860 4154 cordi
883 4107 925 4153 ost
947 4099 1090 4155 humiliora
1114 4103 1226 4164 sectari,
1250 4102 1329 4157 niodo
1354 4101 1468 4156 tutiora:
1492 4118 1547 4156 non
1570 4116 1681 4173 possum
1704 4115 1759 4152 non
1775 4114 1836 4152 eie·

479 4186 616 4261 §serrari
638 4184 793 4245 dissidium,
822 4201 876 4238 non
906 4201 1017 4257 possum
1044 4202 1097 4240 non
1127 4204 1216 4242 aurare
1244 4204 1336 4258 pacem
1359 4194 1386 4246 et
1408 4186 1588 4241 concordiam.
1634 4183 1710 4237 video
1734 4190 1868 4255 qnantaio

549 4272 583 4327 sit
606 4272 633 4326 ιιι
656 4269 737 4324 rebus
760 4269 841 4324 otiam
864 4269 987 4324 humanis
1010 4269 1174 4332 obscuritas,
1199 4271 1275 4326 video
1298 4279 1400 4343 intanto
1423 4269 1527 4326 facilius
1550 4268 1682 4325 excitetur
1702 4267 1836 4321 tumultus

546 4375 627 4431 quarn
649 4356 771 4415 sedatur,
795 4363 823 4409 ot
844 4355 923 4409 didici
947 4362 1014 4426 quot
1037 4354 1092 4408 sint
1115 4365 1187 4411 artes
1210 4355 1330 4417 Salonam
1353 4372 1402 4409 nec
1425 4372 1485 4409 oreo
1508 4355 1594 4427 ipsius
1617 4351 1725 4425 spiritui
1748 4351 1834 4406 ausim

546 4461 595 4517 per
618 4440 705 4497 omnia
729 4440 824 4495 hilere:
854 4448 958 4494 tantum
981 4438 1058 4493 abest
1079 4447 1111 4493 ut
1132 4440 1165 4494 de
1188 4439 1277 4495 alieno
1300 4439 1398 4512 spirito
1420 4439 1523 4511 possim
1544 4446 1620 4492 certo
1643 4436 1834 4509 pronunciare.

545 4527 655 4601 Cupiam
685 4543 779 4581 omues
809 4526 835 4579 in
865 4524 916 4579 hoe
938 4523 1041 4578 conniti
1064 4530 1094 4578 nt
1117 4523 1219 4580 victore
1241 4524 1348 4579 Christo
1370 4531 1448 4578 coeat
1471 4523 1543 4577 inter
1565 4537 1658 4576 onmes
1680 4519 1834 4592 evangelica

544 4611 688 4669 concordia
712 4620 739 4665 et
761 4609 869 4665 excluso
893 4606 1009 4662 tumultu
1032 4609 1103 4663 reris
1126 4608 1277 4664 rationibus
1299 4606 1459 4664 consulatur
1480 4607 1541 4662 hinc
1557 4605 1730 4661 sacerdotum
1745 4604 1867 4675 digni-is

547 4699 609 4756 tati,
633 4695 694 4751 hinc
716 4693 811 4767 populi
834 4693 968 4754 libertati,
993 4708 1073 4763 quern
1096 4693 1221 4749 dominus
1244 4693 1323 4748 lesus
1341 4691 1456 4746 liberum
1479 4708 1540 4744 esso
1563 4688 1663 4744 voluit:
1693 4689 1746 4744 buc
1769 4705 1835 4743 eun·

546 4780 619 4836 tibus
641 4797 692 4852 pro
715 4776 855 4833 suavirili
878 4794 932 4831 non
955 4776 1043 4832 deerit
1065 4777 1205 4840 Erasmus:
1228 4786 1357 4834 caeterum
1380 4776 1447 4831 sicui
1469 4775 1556 4846 magis
1577 4772 1665 4847 placet
1681 4773 1770 4827 omnia
1786 4772 1834 4826 mi·

545 4882 636 4923 scere,
666 4881 708 4918 me
735 4871 810 4919 certe
838 4878 887 4917 neo
914 4850 1009 4918 ducem
1031 4862 1142 4918 habebit
1164 4881 1213 4919 nec
1235 4862 1370 4918 comitem.
1414 4861 1570 4915 Praetexont
1592 4857 1730 4929 energiam
1754 4856 1834 4930 spiri·

547 4959 605 5011 tus:
632 4946 731 5003 saltent
760 4948 844 5019 igitur
872 4945 951 5000 bonis
973 4946 1066 5001 aribus
1088 4948 1162 5002 inter
1183 4946 1332 5020 prophetas
1355 4961 1424 5018 quos
1447 4943 1546 4998 aldarit
1573 4941 1687 5014 spiritus
1714 4941 1832 4996 domini:

546 5051 588 5090 me
610 5032 729 5088 nondum
750 5031 884 5104 corripuit
907 5032 957 5086 iste
980 5032 1107 5104 spiritns;
1130 5030 1175 5085 ubi
1198 5030 1376 5103 corripuerit,
1401 5028 1517 5083 tortasse
1539 5027 1613 5081 dicar
1635 5033 1661 5080 et
1685 5026 1744 5099 ipse
1767 5022 1865 5082 Saulso
