4367 6084
519 738 718 791 CCCXXXIII.
739 755 858 790 seonots
872 755 976 791 sussen
989 755 1134 790 snvsssvs
1147 754 1321 790 Asesumsss
1336 755 1467 790 surrexi.
1567 724 1640 796 287

345 912 396 969 dis
418 915 447 969 in
472 914 554 970 illum
575 911 715 984 consero:
738 913 787 970 tic
809 912 957 971 iluttenus
979 909 1143 985 proferens
1170 906 1328 968 δείνωσιν
1356 927 1441 969 suam
1470 910 1567 980 ‘Quid'
1590 914 1641 969 tn-

346 1015 413 1084 qait
442 1009 602 1086 ‘Glopionl
634 1020 748 1086 ottantu
770 1017 882 1086 etipse
905 1013 974 1071 tutu
1002 1012 1056 1069 abs
1083 1017 1111 1070 te
1129 1008 1284 1070 caniturl'
1315 1028 1407 1088 prtum
1430 1013 1497 1071 liceo
1518 1028 1583 1069 meo
1607 1012 1644 1069 de

347 1116 400 1171 itio
421 1116 482 1171 sint
503 1115 606 1185 nerto,
640 1114 698 1171 ‘Ad
718 1115 784 1173 ltcee
802 1115 961 1173 reuerendi
978 1115 1076 1187 patris
1096 1113 1221 1170 Ioannis
1245 1114 1415 1186 Glupionis‚
1448 1116 1501 1185 aiii
1529 1113 1646 1170 Caesari

348 1219 425 1273 ‘erat
450 1232 469 1272 o
491 1217 697 1275 concionibus.
739 1217 805 1274 luce
823 1226 866 1273 est
887 1213 955 1273 tuta
978 1230 1038 1286 aua
1058 1215 1153 1272 utrum
1176 1215 1258 1272 titum
1280 1214 1414 1272 decanto.
1455 1213 1517 1272 Sed
1536 1216 1711 1287 impu-§.ro

324 1315 469 1375 fidentius
494 1324 538 1374 est
563 1319 643 1389 quod
667 1317 766 1387 addit,
800 1318 898 1387 ‘Atqui
929 1317 1043 1374 solebas
1071 1317 1215 1374 execrari
1245 1315 1370 1372 hominis
1396 1313 1573 1373 maliciam':
1606 1316 1644 1371 de

353 1419 498 1491 Glcrpione
516 1434 667 1490 nunqttam
690 1417 808 1475 oerlttm
830 1433 925 1488 neque
943 1418 1012 1474 diei
1031 1432 1125 1487 neone
1155 1417 1264 1489 scripsi
1284 1415 1429 1486 Hatteno,
1456 1417 1510 1473 sed
1536 1422 1566 1472 ct
1590 1416 1645 1472 ltoc

351 1519 539 1577 mendacium
561 1521 669 1591 cttiquis
690 1525 840 1591 eontpotor
861 1520 907 1576 illi
927 1518 1048 1583 detentu·
1070 1524 1099 1573 et
1118 1533 1158 1574 es·
1180 1516 1348 1574 iudusmocli
1368 1496 1477 1576 recentis·
1496 1519 1649 1574 conteruit

352 1622 442 1676 tatem
467 1622 648 1678 calumniam
671 1598 701 1677 in
724 1622 869 1685 amicum:
900 1627 988 1692 atque
1010 1618 1058 1675 ia'c
1079 1621 1167 1676 etiam
1191 1618 1296 1675 mede
1320 1619 1463 1691 Glapione
1484 1622 1645 1690 loquentem

351 1719 431 1791 facit
451 1738 519 1792 auce
542 1722 619 1779 astiti
648 1738 685 1779 ne
715 1737 772 1794 per
799 1720 941 1779 somnium
972 1719 1089 1792 attidem
1122 1735 1254 1791 nonquam
1282 1727 1425 1777 uerterunt
1450 1722 1480 1776 ia
1507 1727 1647 1779 meatem:

321 1839 346 1877 n
357 1821 530 1894 Glopionem
546 1825 636 1880 semet
652 1822 804 1880 duntaxat
820 1823 912 1880 tribus
928 1821 1023 1879 uerbis
1043 1823 1186 1890 salutant,
1206 1819 1288 1891 sorte
1303 1821 1431 1893 olroiurn,
1455 1821 1544 1892 idque
1559 1819 1647 1877 Bru-

353 1924 445 1980 xetloe
458 1931 526 1995 post
546 1924 764 1982 ll'ormaciense
777 1924 950 1989 conciliem,-
971 1928 1083 1980 catera
1098 1923 1191 1979 literis
1206 1929 1275 1979 acto
1293 1928 1363 1980 sunt
1378 1924 1460 1980 iuter
1482 1928 1542 1979 nos'.
1576 1921 1650 1992 orrid

354 2024 405 2080 tue
429 2023 545 2080 molitus
563 2026 602 2081 sit
620 2031 674 2081 unt
689 2026 842 2098 pereperit
860 2025 890 2081 in
907 2022 1069 2081 Latinorum
1090 2025 1205 2090 nescio,·
1227 2030 1306 2083 certe
1324 2024 1467 2096 qnicmtid
1487 2023 1574 2079 iatius
1592 2020 1647 2092 sc-

354 2126 410 2195 ell,
433 2139 489 2181 non
512 2140 574 2182 meo
593 2123 670 2195 feeit
691 2127 829 2199 imputat.
863 2140 931 2196 epo,
953 2132 985 2182 ut
1006 2126 1136 2196 inpeaue
1155 2124 1267 2194 dicam,
1289 2125 1534 2196 quemadmodum
1554 2133 1721 2182 ιιιιιι-ιιιι.

309 2225 311 2229 ’
356 2242 446 2296 onam
469 2241 560 2282 ausus
580 2241 643 2283 sum
666 2225 778 2282 nomint
798 2231 854 2283 toto
878 2235 1001 2299 pectore
1018 2226 1129 2295 fidere,
1159 2227 1199 2282 im
1226 2242 1377 2298 numanam
1403 2229 1484 2298 pessi
1508 2227 1538 2281 in
1567 2227 1648 2282 illum

325 2327 508 2383 isinimioum
531 2329 671 2384 animum.
707 2327 785 2384 ‘milti
801 2337 881 2384 certe
902 2342 960 2383 non
981 2327 1070 2384 semel
1089 2332 1240 2383 strenuum
1263 2330 1388 2384 amicum
1408 2325 1540 2400 prcclntit
1566 2324 1651 2398 ttpnd

360 2425 524 2499 Caesarem,
546 2428 625 2500 quod
643 2430 715 2485 sotis
736 2428 828 2486 tabeo
849 2421 1038 2500 compertum.
1068 2426 1135 2484 lam
1156 2444 1223 2485 aero
1239 2426 1380 2498 festiuum
1395 2435 1439 2485 est
1457 2428 1537 2499 quood
1554 2427 1637 2484 tonso
1650 2441 1718 2491 §.iss

355 2530 523 2600 perspicax
546 2545 583 2586 ac
596 2529 731 2602 Lynceus
752 2547 792 2586 en
812 2545 870 2587 ιιιιο
890 2531 1034 2600 cottooato
1053 2530 1135 2587 notis
1150 2531 1194 2587 sic
1215 2529 1352 2602 depinpit
1365 2530 1546 2601 Glopionem
1566 2530 1654 2599 quasi

360 2628 471 2686 modios
493 2631 606 2701 aliquot
624 2633 696 2688 salis
716 2647 782 2688 eunt
802 2632 852 2688 itto
873 2630 977 2688 ederit.
1020 2632 1156 2702 equidem
1184 2636 1326 2702 qnantum
1357 2632 1506 2702 inpenium
1529 2631 1653 2687 leominis

360 2746 401 2786 en
417 2730 599 2803 prudentum
620 2733 796 2789 narratione
816 2749 890 2804 eane
917 2733 1010 2804 t'psius
1032 2732 1075 2788 od
1100 2747 1145 2790 me
1165 2734 1258 2789 literis
1280 2734 1426 2790 conticere
1445 2732 1542 2803 potui,
1572 2729 1653 2787 Hat-

326 2852 352 2891 ιι
361 2840 445 2889 tenus
466 2834 494 2888 si
509 2832 609 2890 decem
627 2833 715 2889 tenuis
736 2834 857 2890 aluisset
877 2849 943 2890 enm
965 2833 1125 2906 Glapione,
1146 2834 1277 2890 norcdum
1295 2835 1481 2906 permovisset
1501 2822 1581 2889 itlius
1602 2833 1653 2887 in-

358 2934 488 3004 ueniam.
527 2948 585 2990 non
600 2935 687 3006 potui
707 2949 775 2992 nero
796 2937 860 2991 sine
878 2936 941 2990 risa
962 2936 1073 3005 tepere,
1096 2933 1176 3005 quod
1196 2950 1284 3006 quium
1309 2936 1448 3007 Glapioni
1468 2935 1575 2990 miram
1598 2948 1654 2988 oa·

358 3033 481 3105 sriciem
499 3032 748 3104 effinxisset‚·me
759 3033 840 3105 socit
855 3036 901 3092 tttt
917 3036 1104 3092 simillimum.
1136 3036 1192 3091 ima
1207 3050 1265 3090 nou
1282 3043 1341 3091 tam
1360 3034 1511 3092 dissimilis
1524 3035 1655 3090 camelus

362 3137 447 3211 nulpt'
465 3151 554 3207 auom
574 3135 717 3195 Erasmus
739 3136 889 3194 dissimilis
913 3136 1062 3208 Glapioni‚
1085 3136 1113 3190 si
1136 3135 1222 3192 modo
1243 3137 1312 3192 talis
1329 3141 1414 3206 erat,
1437 3138 1553 3206 attalem
1573 3135 1655 3191 notris

363 3238 498 3311 doprntpit
525 3237 679 3298 lluttenus.
723 3235 785 3293 Sed
806 3237 844 3294 de
864 3239 936 3294 meis
957 3235 1086 3293 moritus
1107 3237 1165 3292 erit
1190 3235 1262 3292 aliti
1284 3234 1406 3292 dicendi
1426 3237 1515 3292 iocus.
1559 3234 1641 3291 Male
1654 3251 1723 3299 §.nu

329 3338 454 3396 osltaltet
474 3347 504 3395 et
522 3338 600 3396 ittud
618 3337 793 3407 Huttenum,
823 3337 903 3409 qnod
923 3339 952 3393 ia
974 3335 1105 3408 quadam
1128 3338 1251 3407 epistola
1276 3352 1335 3407 per
1356 3319 1535 3391 occasionem
1558 3336 1656 3392 insero

364 3439 546 3513 Sulcestrnm
561 3437 727 3496 Prieratem
743 3439 915 3496 immuniter
936 3445 966 3494 et
985 3443 1123 3493 ttatctnter
1144 3438 1188 3493 ad
1201 3451 1246 3492 me
1264 3438 1432 3508 scripsisse,
1455 3450 1543 3507 artum
1559 3444 1655 3491 tamen

365 3543 447 3598 illum
470 3556 507 3597 ne
529 3541 610 3597 tituto
632 3540 749 3612 quidem
770 3540 931 3609 honorifico
952 3540 1076 3610 diuum,-
1096 3545 1209 3595 tuntum
1229 3540 1277 3595 aio
1293 3537 1440 3610 Syloester
1458 3538 1508 3593 ille
1524 3535 1657 3593 Prieras.

365 3642 446 3699 ttttus
469 3626 512 3697 ad
538 3655 584 3697 me
607 3642 711 3699 literas
732 3642 798 3700 dico
823 3641 1033 3698 humanissime
1058 3641 1197 3713 scriptas.
1250 3638 1273 3698 0
1301 3641 1408 3696 miram
1437 3633 1658 3695 adulationem!

368 3741 439 3798 ‘Sed
459 3743 517 3798 ista
536 3738 650 3799 seribrs'
673 3743 769 3814 intonit
790 3743 829 3810 ‘in
851 3742 992 3801 inuidiam
1008 3738 1150 3801 Lntlteri’.
1170 3742 1228 3798 imo
1246 3743 1276 3798 in
1297 3740 1352 3799 ltoc
1370 3742 1491 3814 scripsi,
1513 3746 1545 3795 nt
1557 3743 1658 3795 osten-

333 3845 468 3902 aoderem
490 3859 553 3900 esse
573 3858 713 3912 causam,
742 3860 797 3901 cur
818 3844 857 3903 de
877 3844 972 3904 Romu
995 3844 1138 3902 adeunda
1160 3844 1330 3914 copitarcm.
1375 3842 1481 3914 ortodsi
1507 3847 1660 3913 tantopere

366 3959 506 4019 cuperem
537 3959 652 4002 monere
673 3944 816 4003 inuidiam
845 3945 989 4016 Luttero,
1022 3947 1124 4004 liceret
1151 3945 1206 4002 itoc
1233 3946 1301 4002 aliis
1329 3943 1494 4001 rationibus
1520 3942 1659 4014 efficere:

368 4055 448 4105 certe
469 4045 634 4102 Prieratem
655 4060 771 4118 semper
792 4050 964 4120 contempsit
989 4048 1145 4106 Lutlterus.
1185 4046 1251 4104 Iam
1274 4049 1305 4103 in
1329 4046 1470 4119 Catalopo
1495 4045 1647 4104 Marinum
1661 4060 1728 4110 §.ssu

371 4148 574 4205 Coracciolam
595 4162 664 4205 uoco
685 4148 879 4205 reverendum
898 4156 1014 4222 patrem
1036 4152 1175 4207 nuncium
1191 4149 1277 4222 apud
1293 4148 1441 4212 Ctesarem
1461 4150 1660 4221 trpostole'cum,

370 4249 446 4306 niltil
465 4248 552 4306 aliud
572 4248 611 4305 de
632 4251 682 4306 illo
698 4249 892 4321 praedicans,
919 4252 979 4307 niti
998 4251 1078 4320 quod
1099 4253 1124 4306 is
1146 4255 1261 4322 prceter
1287 4257 1412 4308 culmos
1433 4250 1567 4307 hortatus
1588 4255 1663 4306 esset

334 4367 430 4422 nme,
453 4354 485 4406 ut
503 4348 660 4409 scriberem
680 4351 824 4408 adtrersus
843 4349 1013 4409 lutherum.
1051 4350 1089 4408 nt
1109 4349 1254 4408 ilnttenus
1273 4359 1358 4408 vocat
1378 4352 1458 4408 tuac
1476 4352 1585 4407 rnatttm
1605 4350 1662 4406 lio-

442 4534 448 4565 ¹
469 4531 551 4599 estu]
572 4535 824 4599 exaggerationem.
897 4530 1059 4597 6Ηιιῑῐοιιο]
1085 4533 1180 4597 Neque
1200 4532 1251 4581 hoc
1270 4533 1379 4582 dixerat
1396 4533 1549 4594 Huttenus,
1574 4547 1662 4594 neque

373 4620 445 4684 qiiod
464 4621 604 4668 liuttenus
621 4620 705 4681 «lixit,
735 4618 900 4683 simpliciter
923 4633 1025 4680 negare
1051 4617 1134 4665 audet
1156 4618 1299 4666 Eras1nus:
1328 4617 1402 4667 veris
1425 4616 1549 4666 omnibus
1571 4615 1663 4664 verbis

374 4705 483 4752 mentiri
502 4704 639 4752 didicerat
653 4705 796 4762 Erasmus,
816 4709 846 4750 ut
864 4701 908 4753 vel
926 4701 1052 4766 publicos
1071 4703 1158 4749 nostri
1178 4700 1272 4749 sacculi
1287 4705 1452 4764 proxenetas
1465 4698 1663 4764 peieruntlique

376 4788 498 4836 artifices
517 4793 651 4852 asquaret.
721 4786 743 4818 ¹⁰
761 4787 878 4836 nondum
897 4780 1021 4851 portion]
1042 4784 1128 4832 Recte
1147 4784 1231 4845 (licis,
1251 4786 1378 4845 Erosn1e3
1398 4789 1544 4833 aestuum
1564 4799 1663 4847 cogno·

375 4878 467 4933 vernt,
488 4874 534 4936 qui
553 4872 669 4921 cottidie
687 4876 715 4919 te
734 4872 848 4935 prodere
869 4872 927 4934 ipse
941 4869 1065 4918 solebas:
1084 4869 1262 4918 candidorum
1276 4873 1303 4917 et
1317 4870 1500 4917 constantium
1514 4868 1664 4917 animorum

376 4973 410 5004 ea
429 4963 470 5005 est
488 4956 668 5021 simplicitas,
693 4962 723 5005 ut
742 4954 904 5019 versipelles
922 4953 1097 5002 sinnilntores
1115 4953 1387 5016 ‹lissimulatoresqne
1411 4960 1459 5002 uut
1482 4955 1591 5002 omnino
1610 4969 1663 5003 non

377 5047 546 5103 cognoscant
565 5048 692 5090 sutsero
712 5044 890 5104 cognoscant.
926 5035 948 5069 ²¹
967 5039 1079 5102 Expost.
1093 5041 1117 5100 §-
1134 5037 1190 5087 13⁴.
1226 5037 1247 5070 ⁸²
1266 5039 1377 5102 Expost.
1391 5040 1415 5099 ἕ.
1433 5038 1489 5088 135.
