4367 6084
528 723 726 774 cccxxxnl.
747 739 868 774 oronam
881 740 984 776 εεεεεει
997 741 1141 778 ευνεεενε
1155 742 1328 778 Δεεεεοιεεε
1342 744 1474 780 avaram.
1573 715 1647 787 283

354 896 455 954 batum
485 902 529 954 est
552 913 606 954 nec
628 896 841 970 improbatum·
867 897 923 955 boc
944 903 1056 956 tantam
1075 899 1215 972 probaui,
1241 901 1322 972 quod
1336 903 1449 959 omissis
1470 904 1649 963 clamoribus

351 998 479 1070 furiosis
495 1000 684 1073 disputarent
703 1014 741 1056 ac
762 999 910 1055 docerent.
954 1000 987 1057 id
998 999 1145 1057 Haltenus
1161 1002 1204 1059 sic
1226 1003 1438 1074 interpretatur
1458 1008 1546 1076 quasi
1561 1008 1648 1078 quic-

354 1102 430 1175 quid
454 1103 484 1158 in
512 1100 693 1174 disputando
727 1100 772 1157 illi
797 1100 977 1171 definierunt
1002 1102 1145 1159 aduersus
1172 1101 1346 1174 bulborum,
1375 1106 1579 1177 approbarim.
1622 1113 1651 1164 et

352 1205 440 1276 prius
459 1202 573 1274 salsum
593 1207 795 1275 assumpserat
811 1217 857 1258 me
871 1217 1050 1275 moqnopere
1065 1203 1211 1276 probasse
1231 1207 1373 1278 quicquid
1388 1208 1434 1264 illi
1450 1208 1480 1262 in
1496 1209 1557 1264 suis
1575 1224 1648 1266 cen·

331 1307 434 1365 suuis
455 1305 647 1362 damnarant.
694 1303 803 1360 Eamus
823 1318 903 1360 rtttnc
919 1319 956 1360 ac
978 1320 1117 1375 neqemus
1132 1305 1259 1363 Hutteno
1278 1323 1341 1364 esse
1362 1309 1511 1380 inqenium
1531 1309 1575 1366 ad
1591 1309 1647 1367 de-

352 1409 544 1481 pravandum
562 1407 722 1463 benedicta.
767 1405 867 1461 Simile
884 1404 1027 1476 quiddam
1045 1405 1151 1477 adfert
1166 1406 1203 1462 de
1222 1408 1327 1464 ordine
1342 1410 1586 1481 predicatorum,
1606 1413 1637 1467 in
1649 1416 1715 1466 §.¹²⁵⁸

354 1525 441 1583 quem
460 1525 526 1567 cum
545 1511 632 1582 prius
649 1505 762 1577 saarim
780 1506 878 1563 bostili
898 1508 1011 1577 areima,
1035 1524 1114 1565 nunc
1128 1507 1316 1580 persuadere
1333 1525 1422 1567 coner
1435 1528 1586 1583 nunquam
1602 1527 1649 1570 me

355 1613 434 1668 mole
456 1612 577 1669 uoluisse
598 1611 644 1666 illi
663 1609 808 1666 sodalitio.
853 1607 1010 1680 Nunquam
1033 1611 1076 1666 sic
1099 1610 1240 1679 insaniat,
1262 1615 1295 1666 ut
1314 1611 1369 1667 alli
1383 1611 1485 1668 ordini
1498 1615 1576 1670 male
1595 1629 1648 1670 no-

355 1715 478 1783 luerim,
502 1712 534 1769 id
551 1710 631 1783 quod
652 1709 757 1782 ubique
772 1711 909 1779 testificor
931 1708 1025 1766 cimbis
1042 1716 1071 1766 et
1088 1726 1123 1766 re
1139 1716 1266 1782 prosto:
1287 1713 1315 1768 si
1334 1712 1401 1769 ideo
1418 1712 1472 1784 sas
1492 1719 1536 1770 est
1553 1714 1649 1771 odisse

325 1834 347 1873 10
356 1831 455 1872 omnes
467 1815 699 1887 predicatores,
719 1811 799 1883 quod
813 1812 837 1868 is
851 1811 925 1868 ordo
940 1813 1044 1868 mrettos
1058 1798 1166 1868 babeat
1178 1814 1285 1882 malos,
1307 1827 1406 1871 omnes
1419 1815 1540 1872 ordines
1556 1830 1648 1888 opor-

356 1922 395 1974 tet
415 1915 525 1985 odisse,
547 1929 635 1987 quum
658 1914 758 1969 niellus
778 1915 816 1969 sit
835 1913 886 1984 qai
903 1927 960 1969 non
982 1911 1091 1969 babeat
1107 1914 1273 1985 complures
1287 1915 1396 1981 malos;
1416 1917 1543 1988 deniqne
1558 1916 1649 1974 Cbri-

355 2019 467 2074 stianos
481 2031 580 2075 omnes
601 2014 744 2088 oportebit
761 2014 872 2083 odisse,
896 2012 976 2085 qnod
993 2016 1097 2086 plures
1117 2015 1177 2071 sint
1197 2016 1275 2072 inter
1299 2016 1351 2073 bos
1372 2018 1446 2074 mali
1465 2034 1554 2090 quam
1572 2019 1648 2076 boni.

356 2117 439 2175 Nibil
456 2125 500 2175 est
520 2119 612 2190 iqitur
634 2117 682 2173 bic
701 2116 920 2185 inconstantiae,
949 2115 1004 2172 sed
1023 2115 1103 2186 qaod
1118 2123 1264 2188 perpetuo
1284 2119 1376 2187 sensi,
1403 2118 1437 2174 id
1462 2120 1580 2192 scriptis
1600 2126 1714 2178 ocsus.

354 2218 448 2291 [lictis
469 2219 599 2276 declaro.
647 2214 748 2275 Utrum
777 2224 873 2285 autem
900 2220 943 2274 est
967 2216 1125 2273 bumanius
1146 2217 1279 2274 ordinem
1302 2223 1390 2275 totum
1411 2219 1506 2278 odisse
1522 2227 1649 2294 propter

325 2323 451 2379 amalos
476 2320 638 2389 admittas,
669 2335 708 2376 an
734 2318 836 2375 ordini
857 2316 965 2388 [ειεενε
986 2323 1115 2391 propter
1140 2317 1228 2375 bonos
1252 2315 1422 2377 admixtos?
1453 2320 1551 2380 Habet
1575 2324 1649 2382 ordo

353 2422 591 2496 predicatorum
619 2423 731 2494 aliquot
755 2422 807 2492 qui
832 2425 861 2476 et
882 2419 1008 2476 Erasmo
1036 2418 1108 2476 bene
1132 2421 1222 2477 velint
1242 2420 1380 2478 ocbonis
1400 2423 1493 2481 literis
1513 2425 1649 2483 simulet

356 2524 525 2595 ettanqetico
545 2525 664 2594 nepoclo
683 2521 817 2592 [niteant.
861 2520 920 2577 nisi
945 2519 1076 2578 omnibus
1098 2516 1202 2577 amicis
1220 2537 1337 2595 semper
1358 2529 1445 2581 otttor
1463 2523 1516 2595 sai
1534 2543 1573 2583 ne
1589 2528 1646 2583 lee-

356 2627 462 2683 derent
480 2625 613 2682 ordinem
630 2626 735 2692 ullum,
758 2629 923 2695 repentem
938 2624 1043 2691 ullam,
1066 2623 1179 2680 evincet
1198 2621 1340 2682 litaturus
1353 2641 1399 2684 me
1412 2626 1442 2683 in
1458 2632 1545 2684 totam
1557 2644 1647 2700 pra-

357 2728 533 2785 dicntorinm
548 2725 681 2783 ordinem
696 2724 794 2781 bostili
803 2722 900 2794 fuisse
914 2725 1021 2780 animo.
1066 2722 1196 2781 Similem
1212 2725 1438 2784 inconstantiam
1453 2728 1552 2787 obiicit
1563 2746 1637 2801 erqo
1649 2736 1715 2787 §.itt

326 2829 474 2888 incuriam
489 2826 670 2897 Romanam,
693 2826 731 2883 de
752 2841 811 2898 qua
833 2840 922 2897 qaum
937 2829 1006 2881 ante
1025 2828 1085 2881 tam
1107 2828 1246 2882 atrociter
1266 2828 1402 2900 loquutus
1419 2830 1473 2886 sim
1492 2846 1581 2902 quam
1603 2846 1648 2889 me

358 2929 503 2987 Haltenus
517 2930 634 2986 inimice
649 2931 811 3001 loquentem
823 2924 932 2996 facere
940 2927 1050 2998 potuit,
1066 2941 1147 2984 nunc
1160 2927 1243 2983 miris
1257 2929 1396 2987 laudibus
1414 2932 1497 2989 illam
1511 2931 1648 3003 efferam.

358 3028 462 3090 ‘Nunc'
486 3018 580 3103 inquit
607 3033 720 3086 ‘sancta
748 3035 791 3085 est
816 3029 870 3084 ilia
897 3032 926 3083 et
941 3025 1088 3084 cutbolica
1108 3028 1249 3094 ccclesia,
1275 3029 1324 3085 ubi
1349 3032 1481 3089 candore
1500 3034 1564 3090 lilia
1581 3035 1648 3090 ttin-

358 3138 438 3191 ‘cunt
458 3133 601 3201 nomines,
624 3130 675 3188 ubi
691 3129 833 3203 quicquid
847 3127 1076 3202 improbissimas
1097 3127 1219 3199 quisque
1240 3132 1409 3188 curtisanus
1425 3134 1562 3204 loquitar,
1580 3151 1649 3192 rosa

359 3233 428 3292 ‘est'.
473 3233 548 3291 llaec
577 3231 650 3304 quid
678 3231 764 3288 aliteri
793 3230 951 3287 declarant
976 3243 1065 3299 quam
1094 3229 1237 3299 lusionem
1267 3232 1478 3303 impudentiam
1506 3231 1649 3292 Huttenil

324 3352 349 3394 ts
368 3338 443 3395 l'itia
460 3334 689 3393 Romanensium
704 3335 769 3405 quis
792 3344 921 3403 unquam
940 3324 1102 3400 probauit?
1122 3329 1275 3386 ecclesiam
1299 3337 1395 3388 alitem
1417 3335 1483 3404 quis
1503 3332 1649 3394 damnat?

360 3437 472 3512 Opinor
490 3444 518 3494 et
538 3438 601 3494 illic
621 3451 684 3493 esse
703 3435 755 3507 qui
775 3433 847 3491 bene
867 3432 995 3488 sentiant
1016 3430 1054 3487 de
1073 3428 1197 3486 Cbristo.
1246 3416 1314 3498 (titis
1340 3448 1469 3504 linquam
1495 3434 1574 3492 dimit
1594 3452 1648 3494 ro-

357 3556 420 3597 sam
437 3556 499 3597 esse
521 3538 601 3611 quod
620 3535 850 3609 improbissimus
869 3534 991 3605 quisque
1007 3532 1177 3588 cortisanos
1192 3527 1353 3603 loquatur?
1374 3549 1413 3590 an
1430 3550 1487 3591 non
1503 3535 1568 3594 lucc
1582 3544 1650 3594 surtt

357 3643 482 3699 bominis
512 3642 744 3713 intemperanter
770 3635 915 3693 abutentis
940 3635 1071 3704 calamo,
1099 3649 1192 3704 neque
1219 3635 1376 3705 quicquam
1405 3635 1538 3694 babeatis
1564 3640 1652 3711 pensi

357 3743 431 3817 qaid
450 3744 480 3801 in
503 3757 587 3815 quem
610 3733 743 3798 scribat?
773 3736 835 3793 Sed
861 3736 999 3808 quoniam
1025 3734 1079 3792 boc
1105 3734 1217 3792 crimen
1240 3735 1270 3791 in
1292 3751 1377 3792 snum
1408 3739 1502 3794 locum
1523 3738 1650 3810 differre

321 3847 482 3915 somcnutt,
509 3861 561 3902 nas
582 3857 696 3915 quoque
715 3855 769 3897 suo
789 3842 852 3896 loco
872 3836 1122 3911 respondebimus.
1165 3835 1289 3894 Interim
1309 3837 1352 3894 ad
1373 3837 1572 3911 Alcandrum‚
1601 3840 1716 3898 aesna

357 3964 414 4020 quo
436 3951 518 4003 notat
532 3944 759 4002 inconstantiam
781 3955 891 4011 meam,
912 3938 1099 4012 quodquam
1119 3941 1206 4012 prius
1227 3940 1346 3997 inimica
1366 3939 1404 3997 dc
1425 3942 1474 3998 illo
1491 3943 1649 4015 precellea-

357 4051 427 4119 rim‚
448 4052 515 4121 post
533 4046 693 4115 honorilice
714 4043 894 4101 meminerim
913 4041 993 4098 itlius
1015 4041 1045 4098 in
1068 4043 1172 4099 literis.
1216 4040 1275 4098 Hic
1293 4042 1424 4114 primam
1444 4041 1521 4100 illud
1537 4051 1651 4102 constat

358 4166 402 4207 me
430 4164 581 4222 nitriquom
609 4148 647 4205 dc
670 4144 822 4203 dietmaro
850 4145 1046 4215 colloquutum
1072 4159 1140 4201 cum
1162 4142 1307 4201 llatteno:
1332 4159 1402 4200 nom
1424 4143 1527 4203 llomce
1550 4146 1650 4228 adbuc

357 4258 424 4309 crat
444 4254 508 4320 illc,
531 4265 619 4323 quum
643 4251 671 4306 in
696 4246 866 4303 Brabuntio
884 4245 1024 4317 proxime
1041 4247 1274 4322 colloqueremur
1290 4260 1345 4315 eqo
1362 4250 1391 4301 et
1408 4244 1572 4311 Huttenus:
1593 4264 1650 4304 nc-

323 4367 414 4427 aoquc
436 4356 590 4427 quisquam
613 4357 672 4408 tum
694 4346 903 4421 suspicabatur
927 4359 993 4402 eum
1016 4353 1170 4401 uenturam
1192 4344 1336 4401 aduersus
1356 4344 1536 4403 Lutberum:
1558 4342 1651 4405 *ita-

358 4473 415 4529 que
429 4453 572 4529 quicquid
585 4452 633 4510 bic
647 4452 868 4515 commemorat,
890 4462 907 4503 ε
920 4444 1087 4502 rumoribus
1102 4451 1322 4513 commemorat,
1339 4445 1443 4515 quibus
1457 4452 1598 4518 quantum
1614 4450 1652 4505 sit

359 4556 546 4615 tribuendum
567 4555 699 4627 quisquis
714 4552 810 4624 sapit,
833 4549 977 4617 intelliqit.
1022 4544 1149 4601 Fatebor
1164 4550 1261 4601 tumen
1275 4545 1310 4600 ia
1323 4545 1403 4616 quad
1416 4561 1464 4602 res
1477 4554 1529 4604 cst.
1564 4545 1638 4605 Olim
1651 4556 1716 4604 §.tin

357 4674 423 4717 cum
439 4656 590 4715 Alcandro
613 4655 740 4712 Venetia
759 4650 822 4723 suit
843 4647 916 4705 mibi
936 4661 994 4703 non
1008 4648 1101 4703 solum
1118 4644 1264 4714 amicitia,
1286 4647 1488 4703 verumetiam
1508 4646 1649 4717 familio-

356 4765 446 4819 ritas:
461 4754 846 4817 admirabor.eraditionem
860 4748 984 4806 bominis
999 4752 1028 4804 et
1042 4744 1180 4802 amabam
1195 4746 1361 4816 inperium·
1383 4748 1469 4804 aurit
1483 4747 1563 4806 bunc
1578 4751 1649 4807 ani-

423 4961 434 4993 o
453 4957 523 5022 adq]
544 4961 656 5023 Expost,
676 4958 699 5014 ξ,
717 4953 771 5002 117.
826 4944 959 5011 ”obiici
980 4943 1210 5011 Expost.§.118.
1273 4943 1296 4975 ³⁰
1315 4944 1437 5011 Expost.]
1457 4949 1496 5007 ἕξ.
1520 4946 1575 4996 119.
1589 4964 1647 5015 sqq.

356 5045 378 5079 ³⁶
392 5061 452 5096 cum
465 5045 507 5095 Al.
523 5041 600 5108 Vua]
616 5058 640 5091 a.
659 5040 730 5091 1507.
768 5034 933 5086 Cf.Erosn1i
948 5047 990 5096 ep.
1006 5031 1040 5081 nd
1052 5030 1177 5080 Anthros.
1190 5031 1311 5081 Leonem
1325 5030 1469 5080 medicum.
1483 5032 1552 5097 Epp.
1565 5032 1597 5081 X.
1606 5033 1647 5085 ab.
