4367 6084
501 718 575 792 296
598 802 610 828 .
679 733 880 784 cccxxxffl.
900 748 1021 784 suonam
1034 749 1138 784 susem
1152 750 1297 785 snvsnsvs
1310 749 1483 785 suessorum
1498 748 1631 785 ιιιττιιιιι.

502 911 664 979 ‘nunquam
687 904 804 981 disputo
825 906 969 966 aduersus
989 906 1179 967 Lutierum':
1207 907 1262 965 ltoc
1282 910 1356 966 milri
1375 924 1479 967 nouum
1501 925 1559 967 non
1581 917 1641 967 est:
1661 922 1799 967 amnun-

502 1025 592 1082 quam
613 1011 644 1067 iu
664 1009 765 1067 eodem
786 1011 916 1067 convivio
932 1009 1118 1068 Carneadem
1139 1009 1277 1082 reserens
1292 1011 1410 1085 disputo
1427 1027 1485 1085 pro
1503 1011 1633 1070 luthera
1653 1015 1685 1068 et
1697 1016 1799 1068 contra

503 1111 679 1181 bulherum,
706 1111 870 1197 aliquando
898 1113 993 1169 animi
1015 1115 1136 1184 aratia,
1167 1114 1317 1172 interdum
1337 1116 1501 1187 expiscons
1517 1113 1592 1185 auid
1609 1112 1659 1169 liic
1679 1119 1734 1169 aut
1753 1113 1801 1168 ille

503 1216 624 1281 sentiat,
641 1214 795 1285 aliquoties
816 1221 845 1270 el
867 1212 1003 1270 discendi
1013 1229 1117 1271 causo.
1161 1230 1362 1288 necunquam
1383 1224 1479 1274 lamen
1493 1231 1530 1273 ea
1544 1214 1707 1288 disputatio
1721 1211 1803 1286 apud

505 1331 552 1373 me
564 1316 693 1372 sucessit
709 1317 738 1371 in
754 1315 887 1387 aliquam
902 1317 1150 1374 amarulentiam:
1173 1319 1267 1389 moitis
1288 1317 1411 1375 numinis
1429 1327 1586 1390 tetramque
1603 1326 1723 1389 partem
1744 1327 1831 1372 aaa

400 1442 406 1450 ν
437 1435 505 1485 sata.
517 1417 584 1475 dire
600 1432 731 1490 possum.
775 1417 849 1475 milii
867 1419 969 1490 placet
988 1417 1054 1475 liare
1079 1418 1201 1476 libertas
1222 1421 1253 1476 in
1277 1421 1416 1477 conuiuiis
1434 1425 1464 1477 et
1481 1418 1690 1491 familiaribus
1710 1419 1802 1475 collo-

506 1521 597 1592 quiis,
618 1534 774 1592 deussene
792 1525 859 1578 utor
875 1518 1042 1590 immodice,
1065 1522 1192 1578 cilionem
1217 1523 1331 1579 animos
1349 1538 1390 1578 ex
1410 1536 1474 1579 meo
1495 1523 1655 1580 (estimans.
1704 1521 1803 1576 Aeno

506 1637 552 1679 me
566 1622 641 1678 nitius
655 1620 787 1679 matous
808 1621 945 1693 nmen,
968 1620 1023 1679 noc
1044 1621 1119 1679 mita
1141 1624 1241 1680 istium
1263 1630 1308 1681 ea
1322 1625 1529 1698 praemium,
1550 1625 1594 1681 su
1616 1601 1752 1692 emirum,
1774 1627 1805 1677 u

508 1739 590 1796 reare
605 1725 714 1796 nussim
731 1722 865 1780 vincere:
883 1738 973 1794 ortum
993 1739 1051 1781 non
1074 1726 1163 1781 semel
1183 1734 1327 1797 expertus
1350 1726 1406 1782 sim
1427 1723 1569 1796 airosdam
1591 1724 1694 1782 oblilos
1716 1737 1803 1795 meam

506 1827 600 1883 mulla
620 1825 680 1898 ipsi
696 1823 846 1882 liberrime
863 1824 1010 1895 dicerint,
1031 1824 1111 1897 quod
1131 1841 1152 1882 a
1173 1824 1254 1882 nobis
1269 1826 1379 1884 dictum
1397 1824 1505 1897 suerat
1519 1826 1685 1882 meminisse
1700 1840 1739 1881 ac
1752 1835 1821 1879 re·t
1852 1831 1898 1869 <t

506 1924 593 1997 serre
612 1933 642 1984 el
655 1942 716 1999 per
734 1928 916 1984 occasionem
937 1928 1115 2000 imminuere,
1138 1928 1237 1985 multis
1254 1928 1370 1984 irtlerim
1392 1937 1425 1984 at
1441 1928 1477 1997 fit
1497 1924 1609 1997 affictis
1629 1942 1667 1983 ac
1689 1926 1805 1998 depru-

440 2041 507 2091 §.ma
520 2029 602 2088 troas.
649 2030 733 2101 celani
749 2027 873 2085 decebat
890 2043 928 2084 ea
944 2044 1012 2100 qua
1028 2030 1106 2087 inter
1122 2031 1233 2103 pocrclu
1249 2029 1403 2097 dicuntur,
1424 2030 1455 2085 in
1473 2030 1539 2086 nino
1554 2028 1696 2085 scribere.
1731 2041 1805 2099 quo

508 2131 561 2189 lies
579 2133 609 2187 in
632 2131 771 2187 conaioiis
796 2132 954 2204 imperium
982 2132 1188 2189 trarcstulimus
1209 2132 1239 2188 in
1263 2130 1372 2189 Iulium
1400 2131 1583 2203 pontificem,
1609 2135 1641 2186 et
1660 2142 1805 2186 summum

506 2232 689 2305 pontificium
704 2234 735 2289 in
750 2230 996 2291 Maaimiliunum
1013 2233 1182 2299 Censorem,-
1204 2232 1312 2291 deinde
1328 2234 1454 2304 colleaia
1471 2231 1684 2289 monachorum
1698 2230 1807 2286 matri-

414 2369 418 2390 .
509 2335 605 2392 monio
622 2334 824 2406 copulavimus
845 2335 976 2406 colleaiis
995 2334 1228 2402 monachorum·
1255 2350 1326 2392 mos:
1348 2333 1558 2408 descripsimus
1574 2350 1615 2391 ex
1637 2333 1697 2390 illis
1715 2347 1807 2389 euer-
1818 2343 1831 2379 »
1844 2338 1880 2374 ⁵

509 2437 599 2494 eitum
621 2434 765 2493 aduersus
791 2431 919 2504 Tureas,
943 2435 1051 2493 deiude
1072 2437 1204 2494 colonias
1224 2452 1265 2494 ex
1279 2436 1382 2494 iisdem
1398 2438 1428 2493 in
1444 2451 1535 2493 nonas
1555 2437 1687 2493 insulas:
1710 2433 1808 2490 breui-

510 2545 555 2597 ter
576 2538 744 2595 uniuersum
765 2536 844 2593 orbis
864 2522 972 2596 statum
997 2538 1194 2596 veniebamus:
1222 2537 1277 2595 sed
1300 2537 1367 2596 laec
1397 2537 1651 2595 senatusconsulto
1677 2550 1736 2591 non
1759 2535 1808 2590 ia-

511 2637 716 2697 scribebantur
738 2639 825 2696 cereis
846 2637 970 2707 tabulis,
991 2639 1046 2696 sed
1064 2641 1143 2710 virio,
1165 2641 1208 2696 sio
1229 2645 1262 2697 ul
1278 2639 1402 2724 sublatis
1418 2639 1533 2711 poculis
1552 2652 1637 2695 rcerno
1656 2636 1805 2693 meminis·

442 2752 510 2802 snos.
520 2749 565 2800 set
585 2739 691 2813 quida
713 2754 770 2812 uuo
794 2738 904 2796 dietum
926 2745 1009 2798 esset.
1055 2740 1181 2799 Maioris
1201 2743 1290 2799 etiam
1307 2742 1489 2798 incivilitatis
1510 2747 1555 2798 est
1573 2739 1810 2796 criminationem

510 2850 626 2901 struere
647 2857 687 2899 ear
708 2841 754 2898 liis
771 2857 839 2913 auce
861 2843 952 2900 amici
969 2840 1047 2913 sceti
1063 2843 1127 2914 lide
1144 2849 1247 2901 nostro
1262 2843 1354 2900 libere
1369 2841 1517 2900 nobiscnm
1533 2845 1686 2914 nouantur
1697 2856 1757 2913 per
1768 2840 1866 2896 li-20

512 2951 603 3003 teras.
637 2943 731 3001 liabeo
746 2945 799 3016 qui
810 2959 850 3001 ex
864 2945 974 3002 intimis
990 2945 1093 3002 amieis
1107 2945 1181 3002 mini
1191 2943 1273 3015 sacti
1284 2951 1354 3003 sant
1366 2945 1513 3016 capitales
1526 2942 1635 3011 hostes,
1659 2940 1736 2998 nibil
1753 2955 1810 2998 non

513 3046 663 3105 molientes
685 3046 860 3104 inexilium
881 3061 995 3112 meam:
1024 3061 1177 3119 nunquam
1199 3052 1297 3103 tumen
1317 3046 1455 3103 sustinuit
1474 3046 1591 3101 animus
1610 3058 1693 3100 mens
1715 3047 1748 3100 ut
1769 3041 1814 3097 ocl

513 3164 530 3207 e
552 3149 672 3205 secretis
694 3148 860 3221 colloquiis,
890 3147 961 3206 dum
991 3156 1141 3206 constaret
1163 3146 1363 3219 familiaritas
1389 3146 1511 3213 leubilis,
1538 3145 1585 3203 oel
1609 3160 1650 3202 en
1679 3144 1813 3216 epistolis

517 3251 673 3323 quicquam
695 3250 755 3307 illis
777 3233 949 3308 obiicerem:
977 3258 1037 3308 tum
1064 3250 1142 3306 enirn
1172 3249 1246 3306 milii
1270 3248 1379 3320 dianus
1406 3247 1525 3305 viderer
1545 3246 1597 3318 oui
1615 3261 1657 3303 eu
1675 3247 1814 3304 uniuerso

447 3351 675 3414 §.manuninum
689 3351 878 3411 contubernio
892 3349 1075 3422 inferarum
1090 3353 1268 3409 consortium
1283 3348 1493 3423 protruderer.
1528 3348 1652 3405 ⁴Verum
1668 3348 1754 3404 illum
1773 3345 1863 3402 ades

515 3453 682 3513 Laurinum
702 3455 856 3527 epistolam
877 3456 1010 3527 appellat
1029 3453 1160 3512 odiosam
1188 3453 1417 3510 insectationem.
1458 3447 1601 3523 proferat
1620 3463 1661 3506 en
1684 3464 1723 3504 ea
1744 3463 1816 3504 oer-

516 3555 583 3614 lrum
604 3570 696 3614 anum
714 3555 813 3613 odiose
832 3554 942 3613 dictum
961 3557 991 3613 in
1008 3554 1187 3614 Lutlrerum:
1206 3555 1292 3612 nulla
1309 3553 1448 3621 lucrosis,
1472 3552 1556 3609 nullo
1573 3549 1712 3608 haeretiei
1728 3565 1816 3608 men-

517 3659 570 3726 tio,
595 3655 776 3727 lrcromdiam
798 3659 932 3729 appello,
959 3656 1114 3716 dissidium
1137 3672 1175 3714 ac
1195 3657 1350 3714 tumullum
1372 3654 1506 3727 appello,
1534 3651 1640 3724 ouibus
1661 3651 1761 3709 oerms
1782 3650 1819 3708 de

517 3759 686 3829 eoanaelico
708 3772 822 3829 quoque
843 3759 964 3829 uenocio
985 3759 1067 3831 loqui
1085 3766 1237 3830 poteram:
1259 3763 1372 3815 tantum
1392 3757 1481 3829 placo
1501 3753 1645 3827 octosdam
1662 3751 1818 3812 luthera-

501 3873 586 3926 nos,
612 3859 664 3929 aui
685 3860 767 3916 nullo
788 3858 898 3918 iudicio
914 3857 1058 3929 seruntur
1082 3860 1235 3932 impotenti
1261 3858 1390 3931 quodam
1416 3859 1528 3930 impetn
1554 3863 1583 3912 et
1610 3855 1654 3913 ad
1681 3856 1865 3927 quamoisso

450 3975 518 4024 san.
529 3961 620 4018 lencm
633 3973 782 4017 rumorem
800 3960 934 4018 excitant
953 3959 1126 4032 trauains.
1178 3961 1252 4018 l'ide
1270 3974 1338 4017 uero
1353 3975 1443 4031 auam
1463 3972 1586 4016 eastsom
1607 3955 1743 4028 affimant
1759 3958 1820 4014 im-

514 4059 644 4135 pudenti
661 4061 807 4118 lemmati:
830 4059 911 4119 ‘ideo
929 4071 989 4119 tom
1007 4063 1107 4135 iniquo
1125 4038 1170 4120 est
1189 4063 1289 4119 animo
1305 4062 1336 4118 in
1350 4055 1520 4120 Latlterum'
1540 4060 1635 4131 inquit
1654 4060 1736 4130 ‘quia
1754 4074 1820 4116 cm-

520 4163 575 4235 ίριί
593 4161 639 4218 illi
656 4161 790 4219 innidere
810 4166 925 4220 tantam
945 4165 1088 4236 aleriam,
1107 4169 1211 4236 postea
1234 4178 1323 4234 quam
1343 4163 1422 4220 illias
1443 4161 1513 4220 libri
1527 4171 1624 4234 prope
1638 4162 1736 4232 manis
1752 4166 1822 4217 suist

521 4265 562 4322 ‘in
589 4263 724 4323 manibus
752 4263 900 4324 leoninum
923 4282 1011 4340 quam
1035 4262 1148 4340 iusim.
1190 4265 1255 4323 Non
1282 4264 1400 4323 invideo
1420 4262 1550 4321 luthero
1575 4277 1660 4320 suam
1682 4260 1820 4332 famam:

521 4368 578 4426 imo
592 4368 693 4426 trralim
708 4368 809 4440 quouis
832 4366 908 4425 Care
929 4385 992 4426 esse
1013 4367 1166 4426 obscurior
1187 4382 1276 4439 quum
1298 4363 1544 4435 andaclanam
1566 4364 1661 4429 illias·
1681 4378 1775 4436 ortam
1796 4364 1824 4420 si
1830 4375 1864 4420 ³⁵

520 4471 636 4544 politur
656 4483 757 4527 amore
781 4468 903 4541 Christi,
929 4472 1088 4543 utnusquam
1117 4475 1239 4527 mortem
1263 4469 1381 4541 patitur
1408 4483 1462 4525 aec
1483 4479 1599 4538 teanum
1619 4473 1664 4522 est
1684 4471 1718 4523 ut
1736 4466 1823 4537 ouis-

592 4653 602 4685 ²
621 4654 793 4704 Carneadem
812 4670 894 4716 sane,
914 4654 995 4704 hodio
1015 4670 1063 4718 pro
1082 4655 1204 4713 institia,
1226 4668 1288 4701 cras
1307 4657 1405 4702 contro
1425 4666 1486 4699 eom
1499 4650 1703 4714 disputantem,
1724 4648 1822 4697 refers.

525 4743 667 4802 (Lactant.
681 4739 713 4787 V.
729 4738 780 4802 14.)
828 4737 855 4797 ,¹²
874 4736 991 4803 quotics]
1012 4739 1169 4803 Ingeniosa.
1189 4753 1251 4786 nam
1265 4737 1365 4786 Iulium
1378 4737 1414 4785 11.
1430 4738 1623 4801 imperatorem
1636 4734 1730 4799 potius
1744 4749 1824 4797 qaam

525 4824 683 4889 pontificem
703 4823 788 4872 fuisse
808 4839 887 4888 mque
906 4829 1017 4874 constat
1036 4828 1119 4887 atque
1132 4822 1317 4871 Maximiliani
1336 4822 1358 4870 Ι.
1379 4820 1514 4883 cogitatio
1533 4819 1566 4867 de
1585 4818 1752 4883 pontificatu
1771 4818 1823 4866 sibi

526 4907 685 4958 deierando.
738 4905 891 4973 ²⁶‚appell.]
911 4909 1023 4973 Expost.
1038 4911 1061 4969 ξ.
1076 4905 1118 4956 32.
1188 4905 1210 4938 ³²
1234 4907 1300 4955 Ideo
1318 4903 1378 4970 eto]
1402 4906 1463 4954 Non
1487 4910 1550 4953 sunt
1572 4903 1632 4952 haec
1658 4904 1721 4967 ipsa
1740 4903 1823 4953 verba

526 4993 639 5057 Expost.
653 4994 676 5053 §-
691 4990 732 5041 35.
786 4990 808 5022 ⁸⁶
827 4992 906 5041 Caris
925 4992 986 5042 loco
1006 4990 1034 5053 (i.
1051 5007 1074 5039 e.
1089 4990 1182 5054 nihili)
1195 4991 1301 5051 haberi,
1322 4991 1350 5039 in
1364 4989 1509 5055 proverbio
1524 5005 1556 5037 ex
1568 4984 1822 5039 H‹›m.1l.1x.378.

528 5073 589 5137 (τίω
609 5070 641 5124 δέ
654 5091 704 5140 μιν
723 5067 754 5126 ἐν
772 5069 868 5138 Καρὸς
886 5074 975 5142 αἴσῃ.)
