4367 6084
368 749 797 802 CCCLXXXIX.urrrnn.a1rse.
812 747 1050 798 CCCXCmnemu
1062 762 1098 795 en
1109 761 1177 796 reru
1188 762 1231 795 ro.
1241 760 1370 796 esame.
1379 753 1568 797 presentem.
1588 733 1662 802 445
1691 732 1694 737 ’

370 934 413 982 est
436 934 465 981 ut
488 926 618 999 imperata
642 942 701 979 mea
726 923 821 984 lacias,
846 922 887 977 lae
910 921 982 994 quod
1006 920 1139 976 bonorum
1163 919 1283 975 virorum
1308 920 1383 974 iussu
1405 920 1496 976 debes.
1531 920 1664 993 Georgius

369 1012 422 1066 dux
446 1011 550 1082 siquam
572 1010 605 1064 de
628 1008 706 1064 nobis
729 1007 853 1081 concepit
876 1006 1028 1061 concordiae
1052 1022 1136 1078 spem,
1161 1005 1228 1059 banc
1243 1021 1293 1077 per
1308 1022 1350 1058 rue
1366 1021 1419 1060 unu
1435 1002 1564 1068 amittet;'
1580 1007 1681 1068 tttbor

370 1097 413 1150 nis
436 1112 515 1150 carisa
539 1095 570 1148 ad
594 1111 644 1148 nos
668 1092 733 1148 nibil
758 1092 891 1165 pertinet,
921 1109 968 1145 uec
991 1090 1068 1145 rideri
1091 1089 1155 1162 quid
1179 1088 1229 1143 tibi
1258 1087 1325 1143 velis
1353 1107 1414 1144 eum
1439 1089 1525 1144 literis
1554 1099 1609 1146 tum
1632 1092 1664 1146 ad

371 1179 521 1253 principem
546 1186 602 1233 tum
625 1178 656 1232 ad
679 1195 741 1233 euru
764 1176 888 1249 scriptis:
913 1193 1023 1249 pessum
1049 1175 1120 1228 lerre
1143 1173 1216 1246 quod
1240 1172 1299 1228 illas
1322 1174 1461 1246 proferas,
1491 1175 1562 1229 (ltbo
1585 1193 1664 1230 causa

350 1281 420 1318 esua
444 1251 506 1318 stet'
520 1271 567 1318 aut
589 1262 674 1317 cadat.
718 1262 805 1315 Porro
828 1278 860 1316 eo
883 1260 972 1315 auimo
996 1267 1084 1315 tecum
1108 1258 1189 1314 redeo
1212 1257 1239 1312 iu
1263 1258 1393 1330 gratiam,
1418 1266 1447 1314 ut
1465 1268 1600 1332 perpetuo
1617 1261 1664 1314 tibi

373 1350 482 1402 iuturus
505 1364 591 1408 essem
615 1347 731 1412 amicus,
765 1345 787 1399 si
811 1345 893 1400 modo
916 1362 967 1417 per
990 1353 1015 1398 tc
1038 1343 1148 1403 liceret,
1179 1359 1229 1397 nee
1257 1341 1385 1397 morabor
1415 1351 1468 1397 aru
1490 1343 1581 1398 saeculi
1612 1362 1666 1400 ma-

372 1432 522 1504 lignitatem
546 1441 592 1486 aut
616 1429 753 1504 improbas
776 1429 891 1502 linguas.
915 1427 987 1483 Vale.
1010 1427 1194 1499 Argentoreti.
1217 1428 1296 1482 Xnuu
1318 1426 1404 1481 XXlX.
1427 1436 1477 1483 ete.

835 1513 967 1569 llenrieus
990 1512 1023 1566 ab
1046 1511 1256 1607 l'mrbenderpb.
1280 1518 1345 1566 tuus·
1366 1512 1388 1566 si
1414 1511 1460 1566 tibi
1484 1512 1581 1588 placet.

299 1925 304 1933 ·
392 1932 527 1967 sustuna.
875 1896 1174 1972 CCCLXXXX.
1254 1893 1256 1897 ¹
1336 1889 1337 1893 Ἰ
1449 1925 1650 1967 rea-enotare.

1430 1987 1668 1997 ——-——..

341 2089 365 2127 m
843 2072 964 2128 EltbSlll
990 2071 1201 2128 burencourt

810 2173 992 2214 rusconsro
1023 2172 1238 2214 umerosuao

636 2255 835 2304 ALBERTVM
859 2256 949 2305 Ptvlt
968 2254 1170 2304 PRINCIPEM
1193 2244 1410 2304 castrensem

799 2343 942 2383 panisus
966 2341 1051 2382 nvnc
1071 2336 1246 2382 nueuureb

752 2427 889 2468 erasmus
912 2427 1076 2468 uvrrrreu
1106 2427 1193 2467 euno
1221 2418 1293 2471 1529.

343 2564 367 2603 re
462 2546 567 2601 Utinam
591 2546 698 2601 lor-tuna
721 2546 800 2609 mibi.
823 2547 948 2609 Alberte,
970 2547 1126 2620 Principum
1147 2546 1345 2609 eruditissime,
1368 2546 1538 2621 plausibilius
1561 2549 1670 2623 aliquod

377 2632 408 2688 ad
433 2641 460 2688 te
481 2630 616 2686 scribendi
640 2630 759 2686 dedisset
780 2632 983 2705 argumentum!
1009 2644 1032 2685 .·
1032 2673 1464 2686 ...................
1493 2636 1562 2689 Ante
1585 2653 1670 2691 annos

378 2725 442 2772 octo
465 2715 572 2789 quidam
597 2715 717 2788 improba
739 2716 832 2788 lingua
852 2716 1021 2773 conabantur
1043 2734 1100 2772 eam
1121 2717 1302 2790 suspicionem
1327 2718 1476 2790 impingere
1498 2719 1572 2781 mibi,
1597 2720 1670 2793 quod

378 2819 432 2856 nou
455 2818 542 2855 essem
563 2800 672 2855 onnriuo
693 2800 834 2857 aLutbcri
855 2802 967 2875 negotio
990 2801 1104 2857 alienus.
1142 2801 1168 2855 ld
1188 2819 1269 2875 quum
1290 2812 1362 2857 esset
1379 2801 1561 2865 falsissimum,
1582 2813 1670 2861 tamen

377 2884 510 2941 calumnia
532 2893 641 2959 poterat
664 2894 800 2960 uteunque
822 2885 971 2960 probabilis
994 2886 1085 2941 rideri.
1131 2887 1199 2941 Tum
1221 2893 1329 2959 poterat
1354 2887 1435 2942 rideri
1459 2889 1559 2960 pietas.
1584 2890 1606 2944 si
1629 2907 1671 2945 me
1742 2898 1743 2901 ’

344 2960 411 3027 acad
433 2969 614 3043 profitendum
637 2969 701 3042 quid
725 2970 853 3026 sentirem
875 2988 1060 3044 provocasses.
1105 2970 1180 3026 Nune
1207 2979 1385 3044 posteaquam
1414 2972 1506 3027 notius
1529 2971 1571 3028 est
1592 2992 1670 3046 quarn

378 3054 486 3128 expedit
510 3052 587 3116 mibi,
610 3053 676 3108 nibil
700 3055 839 3111 intereos
861 3056 1018 3116 conreuire.
1048 3064 1226 3128 posteaquam
1251 3064 1291 3111 tot
1321 3055 1420 3111 libellis
1446 3056 1580 3130 lapidatus
1603 3071 1671 3119 sura,

379 3147 555 3212 posteaquam
577 3146 631 3193 tam
654 3139 708 3194 late
727 3141 846 3212 patentis
871 3139 996 3194 factionis
1019 3140 1111 3194 odium
1135 3140 1161 3193 iu
1182 3157 1223 3211 me
1244 3141 1389 3202 concitavi,
1413 3151 1590 3214 posteaquam
1612 3161 1671 3198 curn

379 3224 439 3297 ipso
461 3223 579 3278 luthero
602 3222 764 3295 gladiatorio
785 3242 859 3279 more
881 3223 1053 3279 eoullietetus
1080 3241 1155 3285 sum,
1189 3242 1268 3296 quum
1292 3242 1347 3280 non
1371 3226 1527 3297 tempestiva
1557 3235 1599 3282 est
1622 3226 1672 3282 ista

381 3317 426 3363 tua
449 3307 489 3363 rel
513 3307 695 3382 expostulatio
718 3307 758 3364 vel
777 3308 948 3363 adhortatio!
971 3306 1133 3381 Expostulas
1153 3308 1185 3362 de
1206 3307 1247 3363 bis
1271 3326 1331 3381 quae
1354 3309 1453 3364 mutari
1471 3327 1525 3365 non
1542 3318 1672 3383 possuut;

345 3387 591 3448 esadbortaris'ad
621 3410 651 3447 ea
680 3411 740 3466 qum
769 3402 878 3467 peracta
908 3392 958 3447 iam
981 3401 1057 3447 sunt:
1091 3410 1207 3465 quorum
1229 3392 1345 3447 alterum
1369 3400 1411 3448 est
1436 3411 1672 3466 supervacaneum,

380 3477 495 3532 alterurn
518 3476 598 3533 etiam
621 3478 782 3538 absurdum.
805 3486 952 3552 utrumque
974 3476 1054 3532 alieni
1076 3476 1217 3550 temporis.
1255 3477 1371 3534 Proinde
1388 3479 1613 3551 quemadmodum
1630 3479 1673 3535 bie

380 3561 489 3617 libellus
512 3562 601 3617 editus
624 3561 748 3617 nonnihil
771 3562 875 3618 iuridiae
898 3562 962 3616 mibi
986 3560 1129 3620 conllabit,
1151 3561 1303 3635 praesertirn
1322 3562 1392 3635 apud
1408 3579 1455 3617 eos
1472 3563 1517 3636 qui
1535 3563 1601 3618 nibil
1618 3580 1672 3618 uon

381 3646 498 3719 probant
520 3647 593 3720 quod
623 3646 735 3720 impetat
761 3645 914 3708 Erasrnum.
948 3646 1047 3719 quibus
1075 3653 1103 3700 et
1126 3645 1237 3701 llutteui
1265 3646 1448 3720 expostulatio
1475 3647 1543 3703 mire
1570 3648 1671 3710 arrisit.

381 3749 463 3803 quum
482 3730 601 3786 Lutlrero
624 3731 706 3786 rideri
728 3730 826 3786 vellent
856 3731 1045 3791 infensissimi,
1070 3730 1106 3785 ita
1131 3747 1227 3785 vereor
1248 3748 1281 3786 ue
1306 3732 1376 3805 apud
1406 3748 1453 3787 eos
1477 3732 1523 3805 qui
1546 3741 1610 3788 suut
1634 3732 1673 3788 in·

346 3822 461 3888 mtegro
484 3832 605 3888 sanoque
626 3814 882 3884 iudicio„n0uuibil
905 3816 1029 3871 detrabat
1049 3824 1103 3870 turc
1127 3815 1319 3871 existimationi
1327 3859 1334 3876 .
1362 3834 1422 3890 quae
1446 3816 1594 3873 multorum
1617 3818 1673 3873 aui·

381 3918 439 3955 mos
461 3909 620 3974 occuparat,
651 3899 791 3955 blbertum
812 3901 872 3956 esse
896 3902 980 3956 virum
1004 3900 1134 3974 acquitate
1160 3901 1331 3974 carrrloreque
1359 3900 1491 3974 singulari
1512 3903 1673 3977 praeditum:

381 3984 515 4040 videberis
541 3985 613 4040 euim
641 3994 699 4041 arte
728 4002 822 4059 parurn
850 3985 954 4043 liberali
983 4003 1091 4041 causam
1118 4003 1203 4041 meam
1232 4003 1293 4040 curn
1320 4004 1402 4042 causa
1425 3987 1536 4042 Lutberi
1564 3989 1675 4044 commi·

381 4069 484 4125 senisse
502 4087 533 4125 ae
555 4068 638 4125 veluti
660 4069 744 4124 linum
767 4069 822 4148 lino
841 4071 1027 4133 contexuisse,
1051 4070 1083 4125 ad
1106 4070 1178 4143 quod
1200 4078 1229 4125 ut
1253 4070 1356 4128 videare
1380 4071 1446 4128 meis
1468 4072 1556 4129 literis
1576 4090 1675 4148 proro-

381 4161 473 4215 catus‚
498 4150 582 4209 multa
599 4155 740 4227 congeris,
772 4171 853 4226 quum
877 4156 935 4228 ipsa
955 4173 998 4210 res
1021 4155 1095 4210 aliud
1117 4155 1246 4228 loquatur
1269 4197 1487 4213 ..........
1516 4157 1612 4214 llabarn
1630 4159 1677 4212 lla·

346 4237 457 4294 ausileae
479 4238 570 4293 ldibus
592 4238 746 4294 Februariis
767 4240 845 4294 burm
865 4239 994 4293 llllXXlX.

382 4418 646 4470 ccctxxxvtttt.
677 4422 717 4470 Ex
736 4422 889 4470 Hermanui
909 4437 961 4470 ron
984 4422 1033 4470 dor
1050 4421 1141 4469 Hardt
1160 4421 1284 4471 Historia
1309 4422 1436 4472 literaria
1459 4425 1674 4475 reformationis.

696 4506 794 4561 (Indie.
808 4504 939 4568 bibliogr.
953 4522 978 4554 n.
992 4505 1047 4564 ott.)
1067 4511 1137 4568 port.
1152 4504 1174 4552 1.
1189 4521 1213 4568 p.
1231 4503 1286 4554 163.
1297 4521 1481 4588 Q

434 4625 461 4672 '⁸
478 4641 671 4707 Eppeudorph.
693 4645 719 4691 ³.

390 4745 395 4754 ·
451 4723 473 4755 ³³
492 4724 540 4775 lin.
561 4725 609 4774 tin.
629 4723 664 4789 c.]
693 4728 711 4775 i.
732 4743 755 4775 e.
781 4726 889 4776 frivolis
915 4725 1015 4777 frivola
1040 4727 1200 4776 adnectere.
1223 4726 1292 4793 λίνῳ
1316 4727 1397 4779 λίνον
1415 4721 1579 4779 συνάπτειν.
1611 4732 1676 4780 trio-

383 4810 494 4874 genien.
509 4811 555 4860 Vl.
574 4809 613 4859 tu.
