4367 6084
513 738 714 789 cccxxxln.
734 708 855 786 suouem
867 748 971 784 essem
984 747 1129 783 sessesvs
1142 747 1316 782 ssseeemss
1330 747 1463 783 semem.
1563 717 1636 789 319

336 920 472 970 atrocem
498 909 744 968 criminationem.
787 911 821 963 at
845 907 898 978 qui
921 908 1107 979 expostulat,
1134 905 1275 978 priuatim
1302 904 1430 976 requirit
1451 902 1584 974 officium
1607 906 1637 962 in

337 1014 451 1081 amico,
471 1013 594 1086 alpiens
613 1008 670 1067 sibi
688 1009 761 1065 satis
780 1009 864 1078 neri:
883 1007 938 1065 'liic
957 990 1003 1064 me
1023 1022 1080 1064 non
1097 1007 1235 1064 monitum
1249 1004 1334 1079 opud
1347 1004 1445 1061 orbem
1463 1021 1547 1064 reum
1561 1023 1637 1080 per-

338 1116 422 1187 aqit,·
442 1130 481 1171 uc
503 1117 616 1171 tantum
636 1109 723 1168 babet
739 1107 920 1182 frontis,·ut
936 1108 1082 1166 existimet
1104 1105 1169 1164 bac
1184 1106 1277 1164 scribi
1291 1120 1379 1179 posse
1401 1107 1541 1164 ineolumi
1558 1109 1638 1164 ami-

339 1215 412 1271 cilia
432 1212 574 1286 pristina.
617 1209 736 1270 Habeat
754 1209 812 1270 sibi
830 1225 901 1268 suas
923 1202 1069 1267 amicitias
1089 1213 1120 1266 et
1140 1208 1324 1266 irtirnicitias:
1345 1222 1399 1279 epo
1420 1223 1487 1265 oum
1509 1210 1563 1266 tali
1576 1210 1626 1265 in·
1638 1212 1706 1262 ism.

319 1315 444 1386 speaio,
473 1315 561 1385 quale
582 1315 683 1386 arpuit
702 1313 768 1371 lioec
789 1313 928 1384 epistola,
958 1309 1034 1368 nibil
1060 1308 1170 1367 babere
1192 1312 1254 1367 volo
1278 1311 1455 1368 commercii.
1498 1307 1638 1383 Respon-

341 1414 449 1471 deram
470 1412 514 1470 ad
533 1416 636 1487 capitu
657 1427 759 1472 rerum
780 1411 886 1484 quibus
907 1428 938 1470 se
957 1409 1090 1470 iactabat
1110 1409 1340 1468 exacerbatum:
1367 1425 1437 1468 nam
1459 1426 1497 1469 ea
1515 1413 1577 1469 suis
1596 1414 1638 1469 li-

341 1517 413 1572 teris
434 1514 543 1571 adme
566 1515 738 1590 descrmsii:
765 1512 821 1571 sed
844 1514 962 1571 interim
990 1512 1057 1571 boec
1084 1513 1296 1586 expostulatio,
1322 1512 1371 1570 bie
1394 1528 1454 1586 per
1480 1515 1638 1570 multorum

340 1632 450 1674 manus
468 1621 595 1690 uapata,
611 1619 735 1690 perlata
756 1621 823 1673 erat
848 1612 1016 1686 Tureqium.
1060 1613 1228 1671 boemerum
1245 1614 1283 1671 de
1304 1615 1447 1685 colloquio
1466 1614 1626 1672 detrectem
1638 1620 1706 1669 §.ssu

341 1735 406 1778 rem
428 1734 513 1777 secus
533 1717 643 1775 babere
665 1731 754 1790 quom
777 1695 834 1774 ille⁰
843 1716 1048 1789 suspicaretur
1057 1735 1068 1783 ,·
1097 1716 1135 1772 de
1155 1717 1278 1788 epistola
1296 1713 1471 1774 Hocbstroti
1490 1718 1637 1789 parqaoi‚·

310 1821 381 1883 uode
396 1820 557 1894 Capnionis
574 1819 791 1877 insimulatione
806 1817 895 1875 doceo
916 1832 961 1875 me
981 1832 1019 1874 ne
1039 1818 1199 1874 somniasse
1218 1816 1337 1888 quidem
1357 1808 1505 1889 umquem·
1527 1818 1565 1876 de
1581 1834 1637 1875 ne-

339 1924 426 1995 qocio
440 1920 566 1979 lutheri
584 1919 673 1977 docui
692 1934 738 1976 me
759 1917 834 1976 nibil
851 1924 991 1989 mutasse,
1014 1934 1068 1976 nec
1090 1920 1121 1975 in
1142 1918 1222 1977 illius
1237 1917 1371 1988 suctione
1386 1916 1484 1989 fuisse
1498 1934 1637 1993 nmquam,

341 2030 372 2082 et
388 2026 420 2082 in
437 2022 607 2094 eoauqelieo
628 2023 748 2092 neqoeio
763 2019 957 2094 provehendo
978 2025 1067 2078 lotum
1087 2035 1167 2088 esse,·
1186 2020 1260 2077 milii
1270 2019 1346 2077 nibil
1358 2020 1459 2080 adbuc
1472 2037 1535 2079 esse
1547 2023 1628 2079 scri·
1640 2027 1705 2077 isos.

339 2130 425 2199 ptum
448 2125 593 2182 aduersus
614 2124 711 2194 illum,
734 2127 762 2179 et
781 2123 809 2179 si
828 2121 902 2194 quid
920 2122 1088 2194 scripturus
1107 2137 1213 2193 essem,
1235 2137 1281 2179 ute
1301 2123 1379 2180 citra
1399 2125 1562 2181 conuicium
1580 2139 1643 2181 ar-.

341 2228 489 2299 pumentis
511 2241 549 2282 ac
570 2223 731 2296 scripturae
752 2238 852 2282 sacros
871 2224 1040 2281 testimoniis
1061 2230 1213 2297 acturum,
1240 2228 1324 2281 tauta
1345 2223 1546 2283 moderatione
1567 2232 1638 2283 tan-

308 2335 434 2400 istoque
456 2326 609 2398 nequitate,
640 2329 673 2382 ut
693 2310 831 2398 nec'ipse
850 2322 998 2382 Lutberus
1020 2324 1142 2397 offendi
1164 2331 1271 2398 posset.
1315 2324 1430 2383 ostendi
1443 2342 1546 2399 ¹quam
1564 2327 1707 2485 οιῇιεεε.

343 2429 499 2488 consilium
519 2432 594 2484 esset
611 2426 713 2483 inutile
733 2433 793 2483 tum
813 2427 981 2498 eoanpelico
1004 2428 1139 2498 nepocio,
1166 2433 1226 2485 tum
1245 2425 1416 2485 liberalibus
1435 2427 1556 2496 studiis,
1578 2435 1589 2485 t
1628 2449 1637 2485 ι

344 2512 439 2604 ipsius
460 2530 549 2586 etiam
571 2526 672 2598 rebus,
696 2533 727 2583 ut
746 2543 826 2586 nunc
846 2525 967 2600 babent,
991 2527 1124 2587 Hutteni.
1168 2527 1244 2587 Haec
1265 2531 1386 2602 aliaque
1407 2531 1500 2586 multa
1522 2536 1582 2587 tum
1596 2530 1640 2587 ad

344 2632 429 2689 illum
443 2629 560 2703 scripsi.
606 2627 821 2686 dissuadebant
836 2630 926 2688 amici
940 2630 1032 2702 docti,
1054 2646 1092 2688 ne
1112 2630 1200 2688 talem
1221 2631 1350 2689 libellum
1363 2632 1533 2704 euulqaret;
1551 2638 1640 2704 alque
1748 2656 1754 2660 ·

344 2733 409 2806 ipse
429 2733 518 2789 eliam
547 2728 813 2804 Eppbendorpius,
843 2737 875 2789 ul
901 2730 1039 2802 affirmat
1061 2733 1150 2791 etiam
1177 2748 1214 2791 oe
1236 2730 1353 2803 soletur
1372 2732 1528 2792 Huttenus.
1573 2733 1628 2791 His
1639 2750 1707 2799 §.esu

309 2833 480 2897 nomnibus
497 2833 668 2906 contemptis
690 2833 838 2905 evuipauil
857 2832 986 2892 libellum
1002 2835 1090 2892 nullis
1105 2835 1310 2893 iucundiorem
1326 2833 1465 2905 futurum
1487 2850 1577 2908 quam
1594 2835 1641 2893 bis

346 2936 399 3007 qui
415 2932 545 2992 Lutltero
563 2939 592 2991 el
613 2935 722 3005 linquis
738 2941 767 2992 et
786 2918 868 2993 bonis
884 2937 978 2994 literis
993 2937 1123 3009 pessime
1147 2938 1260 3007 uolunt,
1288 2943 1317 2994 et
1337 2952 1409 3008 quos
1433 2938 1559 3010 pessime
1579 2937 1642 2994 odit

347 3035 508 3109 Huttenus,
525 3036 553 3091 si
572 3052 641 3094 uera
660 3035 820 3107 praedicat.
864 3051 954 3110 quam
975 3039 1052 3095 enim
1075 3038 1233 3095 insolenter
1252 3039 1377 3109 pestient
1400 3034 1468 3096 illi?
1495 3039 1568 3111 quid
1588 3039 1640 3095 di-

345 3144 414 3196 cent
437 3139 513 3195 inter
528 3133 612 3196 sese?
636 3136 732 3194 ‘babel
750 3136 896 3196 Erasmus
923 3153 1008 3196 suum
1036 3139 1118 3196 toties
1139 3139 1294 3196 laudatum
1312 3137 1486 3213 Huttennm,
1512 3122 1665 3210 fruetur⁵

286 3240 306 3254 ⁸
346 3235 407 3307 eo',·
425 3237 521 3297 ‘babet
542 3240 625 3297 illam
646 3239 728 3296 toties
747 3239 922 3298 adamatam
942 3241 1055 3312 inqenii
1074 3254 1194 3311 uenum,
1213 3238 1342 3309 funalia
1363 3236 1444 3297 illd:
1473 3242 1639 3298 ‘exoscule-

314 3365 339 3404 ιε
349 3345 407 3398 ‘tur
423 3342 506 3398 illam
523 3339 659 3398 dictionis
677 3356 810 3399 uenerem
828 3343 909 3400 toties
920 3337 1140 3415 proedicatom'.
1185 3339 1246 3398 Nec
1261 3323 1368 3398 desunt
1383 3340 1458 3398 odeo
1474 3343 1526 3413 qui
1535 3356 1628 3414 prm·
1640 3361 1708 3411 sese.

348 3444 447 3500 dicent
465 3440 625 3499 Huttenum
647 3442 685 3500 ab
708 3442 885 3501 Hocbstruto
911 3450 940 3504 ot
960 3442 1154 3501 Ecmonditno
1176 3449 1230 3499 aut
1255 3440 1360 3498 borum
1387 3441 1538 3500 sodalibus
1564 3458 1640 3499 con-

347 3544 468 3601 ductum
485 3543 552 3603 lioec
573 3545 605 3602 in
626 3543 785 3603 Erasmum
806 3547 977 3620 scripsisse,
1006 3560 1044 3603 ac
1067 3545 1141 3602 milii
1162 3560 1235 3602 same
1253 3545 1289 3614 lit
1309 3544 1474 3602 uerisimile.
1517 3542 1641 3602 locatur

348 3644 460 3705 alicubi
479 3647 552 3703 sutis
565 3647 700 3718 apposite
713 3662 745 3704 se
757 3646 937 3706 subodorari
947 3646 1089 3719 predam
1108 3660 1198 3719 quam
1211 3644 1356 3719 pontifex
1371 3633 1523 3704 obiecerit:
1546 3639 1643 3703 *mibi

348 3749 445 3820 mopis
470 3747 582 3805 subolet
602 3748 715 3822 preedu
739 3764 829 3822 quom
856 3749 1025 3808 obiecerunt
1049 3748 1190 3808 monacbi
1215 3764 1253 3807 uc
1279 3748 1414 3820 tbeolopi.
1459 3741 1539 3805 *nec
1564 3749 1642 3805 enim

316 3849 407 3910 sobac
428 3851 575 3923 inceptum
603 3865 707 3908 recens
726 3856 770 3909 est
777 3895 784 3923 ,
812 3857 891 3910 uetus
917 3858 961 3910 est
985 3853 1112 3924 uomica,
1140 3852 1208 3909 lieet
1232 3866 1312 3908 nunc
1334 3850 1451 3908 demum
1468 3866 1527 3924 per
1548 3864 1641 3908 occa-

348 3953 458 4009 sionem
480 3967 540 4024 pus
565 3954 707 4026 eruperit.
752 3947 850 4012 *Arete
875 3956 1041 4028 complures
1073 3969 1187 4012 menses
1212 3955 1398 4028 scripserunt
1421 3954 1511 4011 amici
1532 3954 1709 4036 nescisses.

349 4052 423 4126 quid
444 4052 536 4110 libelli
560 4059 704 4127 paratum
732 4056 763 4111 in
790 4071 852 4125 me,·
879 4054 1096 4130 ’ieepeetaoom
1120 4058 1425 4115 concertatiunaulum
1449 4057 1579 4128 aliquam
1605 4055 1642 4114 de

350 4154 534 4226 dopmalibus
551 4155 693 4224 Lutberi,·
717 4172 798 4213 nunc
814 4157 897 4215 uideo
916 4157 995 4215 bunc
1015 4157 1148 4216 libellum
1167 4157 1265 4229 fuisse
1286 4157 1360 4216 alibi
1379 4163 1496 4226 natum,
1523 4157 1578 4214 sed
1594 4156 1645 4215 bic·

349 4273 389 4313 ex
411 4255 606 4314 delationibus
627 4259 814 4329 quorundam
837 4259 915 4317 uelut
936 4261 1042 4317 assulis
1059 4261 1172 4332 pannis
1193 4266 1330 4318 auctum:
1352 4275 1421 4316 nam
1440 4264 1469 4316 et
1487 4261 1571 4329 stilus
1591 4260 1642 4315 in-

318 4378 343 4418 us
352 4357 479 4430 aequalis
495 4363 554 4429 est,
577 4365 606 4416 et
622 4375 660 4415 ea
677 4374 754 4432 pars
772 4360 953 4419 elaboratior
972 4366 1014 4418 est
1033 4375 1122 4433 quam
1143 4362 1263 4435 scripsit
1278 4377 1336 4434 per
1352 4362 1456 4419 ocium.
1501 4353 1632 4418 *illrum
1643 4379 1711 4428 seso.

350 4465 448 4517 autem
470 4465 514 4517 est
532 4458 680 4518 bonestins
705 4464 843 4536 accipere
860 4463 1020 4535 proemium
1041 4477 1062 4518 o
1086 4461 1206 4520 Coesure
1228 4478 1266 4521 oc
1282 4464 1436 4534 pontifice,
1462 4467 1494 4517 ut
1514 4460 1644 4533 dispums

350 4560 494 4618 aduersus
515 4559 693 4636 lutberum,
719 4578 759 4619 on
776 4579 796 4620 u
816 4561 968 4620 monacbis
991 4565 1129 4636 accipiere
1150 4562 1330 4634 mercedem,
1355 4567 1388 4618 ut
1405 4562 1546 4640 conuiciis
1569 4562 1664 4639 tali-¹

350 4662 402 4720 bus
423 4663 553 4720 incessas
569 4661 721 4723 amicum?
742 4659 855 4723 *Dicat
877 4664 968 4735 iqitur
991 4663 1072 4728 nobis
1095 4661 1238 4720 Huttenus
1259 4663 1336 4720 bona
1354 4661 1417 4732 poe
1438 4676 1526 4734 quum
1549 4660 1641 4733 offam

419 4802 440 4835 ¹⁰
459 4803 482 4862 ἕ.
496 4797 565 4863 387.]
579 4798 710 4849 Videmus
728 4799 871 4847 Erasmum
891 4796 1014 4846 codicem
1037 4811 1114 4844 suum
1138 4810 1318 4860 expensarum
1337 4799 1567 4858 acceptorumque
1587 4794 1645 4843 lau-

350 4888 493 4938 dationum
511 4885 653 4935 hsbuisse.
722 4881 744 4914 ²⁹
762 4883 827 4932 mihi
849 4880 887 4946 fit]
908 4882 983 4930 Adeo
1001 4879 1102 4930 stultus
1120 4896 1174 4930 non
1193 4896 1235 4942 es,
1257 4881 1379 4929 Erasme.
1450 4877 1645 4943 loceturlNon

351 4987 446 5021 omnes
464 4972 520 5020 ioci
539 4974 619 5019 erent
631 4969 803 5033 suspiciones
815 4966 950 5029 §seseq
965 4964 1021 5014 145.
1031 4965 1385 5029 153.15ts.·2os.sq.sxpost.
1399 4963 1525 5028 proietae.
1561 4964 1583 4995 ³⁰
1596 4965 1645 5013 Di-

353 5061 400 5106 cat
413 5052 461 5119 ig.]
475 5055 596 5120 Lepide!
