4367 6084
522 701 596 773 358
624 716 879 766 ΟΟΟΧΧΧΥΙΙΙ.“2.
893 708 1091 768 εουιιιὶιιςεει
1104 734 1253 769 rursusne
1266 735 1386 770 uvarum
1398 737 1510 772 erroro.
1522 736 1556 772 ss
1568 737 1700 773 smnus.
1709 739 1792 775 rrvrr.

701 891 738 946 Te
757 891 844 960 prior
861 890 1003 946 atterens
1025 893 1124 948 uticus
1146 893 1295 949 lluttenns
1312 895 1352 950 ad
1376 910 1460 950 arces

753 975 879 1047 Luqcbat
901 978 1000 1031 martis
1019 976 1085 1048 fata
1102 976 1207 1049 sutura
1226 987 1299 1034 tuce:
1392 1002 1394 1005 ·

700 1061 783 1115 Neine
805 1074 916 1130 qnoque
935 1062 1069 1116 credibile
1086 1070 1129 1118 est
1148 1065 1241 1133 ipsum
1264 1065 1293 1118 in
1316 1065 1479 1135 reqionitus
1498 1066 1555 1121 illis

611 1162 647 1201 ms
758 1145 796 1199 Te
816 1159 922 1200 canere
940 1152 968 1200 el
988 1147 1072 1200 vitam
1093 1149 1255 1204 deseruisse
1277 1151 1369 1220 queri.

700 1230 801 1286 Plorat
821 1229 916 1285 adnue
933 1230 1065 1286 breuibus
1077 1233 1199 1301 plectris
1218 1240 1268 1287 luo
1286 1231 1397 1304 funera
1420 1233 1540 1300 Cordus,

755 1313 878 1379 Cordus,
899 1314 991 1370 nonar
1010 1319 1118 1385 petrice
1138 1318 1326 1388 deliciumque
1346 1334 1416 1374 sua.

703 1399 740 1453 Te
761 1399 846 1470 qemi!
866 1400 905 1452 ad
925 1399 1026 1469 liquidi
1048 1401 1202 1455 viridantia
1221 1404 1318 1458 littora
1343 1402 1431 1457 Mani

612 1500 649 1540 132
755 1483 906 1554 Micyllus,
928 1483 1054 1540 Clarium
1075 1493 1194 1557 leanare
1215 1487 1316 1542 doctus
1337 1488 1416 1542 ebur.

703 1568 741 1623 Te
759 1581 838 1622 meus
860 1569 899 1620 ad
920 1567 1125 1640 Peqnesiacam
1149 1571 1335 1626 Camerarius
1355 1573 1452 1628 urlrem
1517 1564 1519 1567 ’

755 1652 946 1722 Conqueritur
966 1651 1072 1724 faciles
1093 1672 1150 1710 non
1170 1655 1304 1711 tabuisse
1326 1657 1401 1711 deos.

699 1735 786 1792 Musa
805 1752 857 1790 nec
879 1737 991 1792 libneri
1009 1740 1109 1794 reticet
1129 1741 1262 1795 iuvenilis
1282 1741 1401 1796 Erasmi

613 1840 649 1879 sss
756 1823 831 1876 Fata
848 1822 919 1876 satis
939 1823 1002 1877 oitoe
1024 1840 1080 1878 non
1099 1826 1231 1880 tribuisse
1250 1832 1314 1880 trra.

701 1907 837 1963 Carmina
858 1911 1017 1962 marteine
1040 1915 1099 1963 tam
1120 1912 1214 1965 tristia
1234 1911 1356 1965 concinit
1376 1910 1485 1977 Hacus,

754 1990 858 2046 Dulcia
879 2007 965 2061 quam
988 1995 1113 2048 moriens
1132 2000 1252 2065 qietlura
1268 1993 1385 2065 fractus
1406 1996 1475 2051 olor.

702 2077 835 2133 Carmine
853 2082 880 2130 et
904 2091 955 2131 ore
973 2078 1068 2132 uirens
1084 2079 1161 2148 luqet
1182 2085 1232 2134 lua
1252 2077 1320 2150 sata
1339 2079 1463 2136 Sabinus

614 2178 650 2218 uo
758 2161 821 2228 Qiea
843 2160 933 2214 trahit
954 2162 1055 2216 illimes
1077 2162 1155 2217 Altis
1173 2179 1282 2219 avarus
1300 2180 1400 2235 aquas.

702 2245 890 2318 lpse-quitus
911 2246 1083 2318 lachrymis,
1107 2263 1162 2317 qno
1184 2255 1211 2302 le
1231 2249 1300 2319 licat
1322 2264 1372 2303 ore
1395 2248 1557 2319 Philippus,

777 2330 842 2385 Non
865 2327 955 2399 saule
973 2332 1111 2401 expediat
1133 2331 1228 2387 Pieris
1249 2335 1308 2388 ullo
1330 2334 1385 2388 liti.

710 2415 805 2470 Velius
826 2417 983 2469 extinctum
1003 2417 1097 2485 lepido
1119 2423 1146 2470 le
1165 2421 1294 2473 carmine
1312 2418 1397 2489 luqel,

615 2516 650 2556 ms
758 2499 875 2554 Sunrma
892 2498 1046 2556 Silesiados
1071 2499 1166 2556 Velius
1185 2519 1260 2557 aura
1279 2504 1385 2573 plaqoe.

684 2584 845 2655 -Lauriqer
867 2584 1004 2639 Helvetiis
1023 2591 1050 2639 ie
1066 2585 1174 2639 Glarca
1196 2587 1272 2658 luqel
1293 2589 1323 2641 in
1344 2588 1418 2644 oris:

758 2668 897 2722 Brassica
918 2674 945 2722 te
967 2668 1044 2724 tristi
1059 2671 1145 2741 deflet
1167 2679 1286 2742 uterque
1308 2673 1382 2743 lyra.

704 2752 779 2818 Quid
798 2751 941 2822 referam,
965 2760 1072 2823 quanto
1092 2756 1190 2809 suauis
1208 2763 1235 2811 te
1255 2762 1350 2811 caulei
1373 2755 1460 2810 lorias

616 2853 652 2891 ns
761 2836 908 2902 Carmine,
934 2853 998 2891 cum
1019 2838 1100 2893 lilruil
1121 2855 1186 2894 noce
1208 2841 1330 2911 lproque
1350 2847 1468 2910 polenss

706 2921 781 2988 Quos
800 2921 849 2975 titi
869 2920 989 2976 dilectus
1006 2923 1149 2993 quondam
1174 2923 1342 2994 Spalalinns
1360 2925 1484 2980 tortores

757 3004 902 3060 Exhibeat
922 3013 1018 3063 masto
1037 3009 1180 3077 carmine,
1201 3025 1281 3063 nemo
1300 3016 1399 3080 roqat:

704 3090 758 3146 Ille
780 3104 850 3144 suas
870 3091 905 3144 de
926 3096 952 3146 te
975 3098 1127 3162 noctesque
1146 3094 1262 3164 diesque
1284 3095 1419 3164 querelas

617 3190 652 3229 sse
759 3175 935 3245 Inqeminul‚
958 3194 1106 3247 nunquam
1127 3194 1184 3233 non
1206 3181 1313 3234 memor
1333 3179 1379 3233 ille
1401 3180 1450 3232 tui.

712 3259 815 3315 Verum
834 3275 884 3330 eqo
907 3259 1061 3317 Noridibus
1079 3279 1145 3333 quse
1166 3279 1243 3317 nunc
1262 3264 1312 3318 liti
1331 3264 1407 3318 soleo
1426 3263 1566 3318 Comanis

758 3345 909 3412 Carmina,
929 3361 997 3400 sera
1016 3348 1130 3418 quidem
1149 3349 1202 3403 sed
1222 3355 1316 3403 lamen
1339 3352 1408 3418 apta
1428 3346 1518 3419 feres.

598 3560 822 3625 subiungendum
842 3566 884 3611 est
903 3561 1074 3626 epitaphium
1098 3579 1131 3612 ex
1153 3565 1294 3628 superiore
1314 3564 1440 3628 epicedio
1459 3563 1656 3628 compositum,
1676 3568 1706 3611 ut
1724 3562 1820 3626 legitur

531 3646 559 3693 in
578 3645 638 3694 Nic.
653 3646 788 3695 Reusucri
808 3646 913 3695 Iconib.
927 3646 1072 3709 urgenter.
1089 3645 1161 3696 1587.
1180 3646 1216 3696 8⁰.
1231 3648 1252 3696 B
1265 3643 1306 3696 7⁵.

914 3759 950 3800 lu
964 3759 1115 3800 senecen
1128 3760 1268 3801 cresone
1281 3760 1434 3815 [tererent]

970 3831 1085 3880 IIELII
1102 3831 1244 3882 nonnul
1263 3832 1384 3883 HESSI.

834 3914 896 3978 Ipse
914 3916 1028 3980 equidem
1046 3918 1124 3965 claris
1138 3918 1239 3979 siceram
1257 3917 1382 3966 reatalilms
1399 3924 1470 3966 orias

886 3999 1025 4056 liuttenus,
1044 4004 1131 4064 quatrio
1149 4003 1271 4066 sanquine
1289 4003 1405 4051 Francus
1423 4018 1515 4066 cqrces:

834 4082 889 4132 Sed
905 4084 963 4132 milri
977 4086 1035 4147 plus
1053 4087 1201 4148 curarsuit,
1221 4092 1247 4134 nt
1263 4089 1414 4150 qenerosior
1431 4102 1510 4134 essem

772 4176 782 4215 t
886 4168 975 4216 Iliadis
992 4170 1098 4218 uternis
1116 4170 1216 4219 dotibus
1233 4172 1335 4234 inqenii.

834 4253 933 4301 Parma
951 4254 1033 4302 adurae
1047 4257 1181 4319 primaque
1199 4261 1290 4303 notans
1308 4255 1424 4318 lannqine
1442 4257 1521 4303 rualas

886 4337 1016 4387 illusarum
1034 4345 1105 4389 certo
1123 4340 1219 4388 uraniae
1236 4342 1325 4403 plenus
1342 4355 1426 4393 crant:

599 4454 631 4487 ¹²³
649 4456 778 4505 Enricius
791 4455 904 4515 Cordus,
918 4455 1130 4506 Simeshusanus
1142 4457 1257 4507 Hessus.
1305 4456 1467 4506 ¹³²1ncobus
1479 4455 1609 4520 Micyllus
1627 4453 1765 4519 (inoliter)
1778 4456 1823 4504 Ar·

517 4552 519 4558 ’
531 4541 714 4606 quintinensis.
757 4539 788 4572 '³³
802 4540 959 4590 lonchimus
971 4540 1148 4590 Camerarius
1160 4540 1406 4605 (Kannrurmeisler)
1418 4540 1641 4604 Bambergsnsis.
1683 4540 1823 4589 185Ηίοτο-

530 4627 604 4690 nymi
617 4624 965 4688 EbneriNorirnbergensis
977 4624 1416 4675 filiusErasmusMelnnohthonis
1428 4624 1580 4689 discipulus
1593 4625 1655 4674 fuit.
1693 4624 1727 4657 ¹³⁸
1739 4624 1823 4689 Chph.

529 4711 639 4770 liaeus,
659 4709 811 4759 Eobnnicae
830 4708 990 4760 sodalitatis
1009 4709 1144 4774 quondum
1163 4710 1263 4772 socius,
1284 4714 1367 4774 poeta
1381 4709 1505 4759 melicus.
1576 4706 1608 4739 ¹³⁹
1627 4708 1765 4774 Georgius
1777 4709 1823 4757 Sn-

530 4795 611 4843 binus
633 4794 764 4855 (Sciuler)
783 4793 1074 4857 Brendenburgensis,
1095 4798 1192 4858 postea
1210 4793 1434 4843 Melanchthonis
1453 4807 1547 4857 gener.
1613 4790 1643 4824 ¹⁴¹
1663 4790 1750 4858 Phil]
1770 4793 1824 4842 Mc·

529 4877 690 4928 lanohthon.
727 4876 758 4910 ¹¹¹
775 4878 893 4927 Ursinus
911 4877 1007 4926 Velius
1026 4878 1218 4928 Suidnicensis
1237 4877 1299 4926 fuit.
1336 4876 1369 4910 ¹¹⁵
1387 4876 1647 4927 HenriousLoritus
1661 4876 1825 4926 Glareanus.

531 4960 619 5009 11ῑθΙο.
639 4961 716 5010 Alex.
734 4962 918 5011 Brassicsnus
937 4960 1126 5024 (Kottbnrqer)
1145 4964 1216 5022 iun,
1236 4963 1351 5013 Saevus.
1405 4960 1437 4994 ¹⁸¹
1455 4961 1572 5015 Iudaeus
1590 4977 1612 5009 s.
1632 4960 1726 5010 Iustus
1745 4961 1826 5011 lonas

529 5045 637 5103 (liaris).
673 5043 892 5109 ¹⁸⁹Spnlatinus,
906 5045 1043 5107 Georgius
1053 5045 1226 5096 Barelsltardi.
1258 5044 1289 5078 ¹⁵³
1302 5045 1491 5110 Norimbergoe
1505 5050 1562 5094 turn
1575 5045 1698 5111 degebat
1712 5046 1824 5095 Hessus.
