4367 6084
567 750 753 802 cccnxnn.
773 763 952 802 erasurror.
966 763 1223 800 intercurritur.
1242 763 1268 798 n.
1283 757 1304 798 8.
1319 762 1377 799 rm.
1392 755 1451 797 raet.
1581 728 1654 801 409

877 888 1142 993 ccccxnn.¹
1470 943 1637 985 amn..

359 1006 556 1018 —-———-
1453 1005 1656 1015 -u———n

583 1096 733 1152 uuasuvs
755 1093 996 1151 contabulatas
1018 1093 1166 1149 lldllTlNO
1188 1092 1340 1148 bll'lllllllO
1363 1092 1389 1149 S.
1405 1094 1434 1149 P.

453 1232 505 1288 b'ec
530 1231 578 1286 tibi
601 1232 735 1293 concedo,
766 1239 795 1286 nt
823 1229 909 1303 magis
939 1230 1083 1286 exanimo
1106 1228 1199 1303 cupias
1221 1229 1381 1302 evangelicae
1403 1229 1554 1286 sinceritati
1577 1247 1657 1303 qnam

365 1334 434 1390 ego,
463 1317 541 1373 cuins
569 1316 608 1371 rei
639 1316 726 1389 gratia
750 1314 817 1370 nibil
840 1331 893 1370 non
917 1315 1070 1389 perpetior,
1101 1321 1128 1369 et
1150 1313 1280 1369 hactenus
1303 1314 1409 1369 omnem
1433 1332 1516 1381 venor
1539 1315 1658 1371 occasio·

345 1417 444 1463 auem,
468 1409 497 1456 ut
520 1400 690 1474 evangelium
712 1399 758 1455 liat
780 1399 905 1455 omnibns
927 1417 1076 1455 commune.
1122 1398 1254 1453 Caeterum
1284 1399 1355 1470 quod
1388 1406 1416 1453 tu
1445 1399 1657 1456 imbecillitatem

366 1504 447 1542 rocas
470 1493 516 1540 aut
539 1485 732 1558 ignorantiam,
762 1484 861 1558 partim
883 1484 1049 1540 conscicntia
1078 1491 1134 1543 est,
1163 1482 1262 1557 partim
1291 1483 1433 1538 iudicium:
1463 1492 1508 1539 tua
1536 1485 1659 1558 quaedam

367 1570 463 1654 legens
486 1569 561 1625 valde
590 1570 767 1644 pertimesco,
797 1586 829 1624 ne
859 1586 910 1641 qua
939 1577 998 1624 arte
1026 1567 1136 1623 deludat
1159 1568 1270 1623 Satanas
1300 1562 1416 1623 animuin
1446 1577 1535 1632 tuum:
1564 1585 1659 1624 rursus

367 1654 419 1711 alia
443 1654 481 1710 sic
504 1672 558 1709 non
581 1654 705 1728 sapiunt,
733 1662 763 1709 ut
792 1653 870 1708 velim
898 1653 970 1708 bunc
998 1661 1100 1708 metum
1124 1669 1210 1707 meum
1234 1668 1294 1707 csse
1322 1651 1434 1708 falsum:
1470 1651 1554 1720 nolim
1577 1652 1660 1727 prob-

369 1740 421 1796 teri
445 1739 518 1812 qnod
541 1739 599 1813 ipse
623 1738 687 1793 mibi
714 1740 834 1794 nondum
862 1738 1000 1811 persuasi,
1035 1736 1121 1792 multo
1150 1736 1239 1792 minus
1269 1737 1341 1808 quod
1371 1738 1490 1793 nondum
1518 1754 1658 1810 assequor.

335 1823 505 1880 collacteam
528 1823 629 1879 rectius
651 1821 776 1879 consului
799 1822 911 1896 negotio
934 1820 1104 1895 evangelico,
1134 1839 1213 1894 quam
1236 1820 1314 1875 multi
1338 1821 1383 1893 qni
1407 1840 1436 1877 se
1459 1822 1559 1877 iactant
1581 1839 1659 1877 evan-

368 1907 435 1981 gelii
452 1907 574 1968 nomine:
598 1908 674 1963 video
697 1907 837 1980 perhanc
860 1906 1029 1962 occasionem
1052 1905 1152 1961 exoriri
1176 1904 1277 1961 multos
1299 1898 1422 1979 perditos
1445 1913 1472 1962 et
1495 1907 1678 1968 seditiosos3·

368 1993 447 2048 video
469 2009 579 2065 pessum
602 1992 641 2047 ire
664 1992 748 2047 bonas
771 1990 864 2047 literas
887 2010 917 2046 ac
943 1989 1114 2064 disciplinas;
1143 1990 1220 2044 rideo
1249 1989 1364 2046 discindi
1392 1990 1537 2052 amicitias,
1567 1981 1595 2046 et
1617 2007 1660 2045 ve·

369 2094 434 2132 reor
457 2093 489 2131 ne
510 2084 640 2132 cruentus
662 2077 802 2131 exoriatur
824 2074 966 2131 tumultus.
1012 2074 1039 2129 Si
1064 2082 1126 2129 tuus
1149 2074 1255 2129 animus
1278 2075 1400 2130 sincerus
1423 2084 1479 2136 est.
1509 2092 1608 2149 precor
1630 2082 1661 2129 ut

368 2160 493 2216 Christus
515 2160 583 2216 bene
606 2160 727 2216 fortunet
750 2160 823 2234 quod
845 2160 918 2232 agis;
947 2177 989 2215 me
1017 2157 1090 2214 nulla
1120 2175 1163 2214 res
1185 2167 1357 2232 corrumpet,
1386 2167 1415 2214 ut
1438 2160 1526 2215 sciens
1548 2159 1661 2233 prodam

335 2244 530 2317 rsevnngelion
554 2245 677 2300 lirnnanis
700 2245 848 2301 affectibus.
894 2244 963 2299 Nihil
986 2244 1072 2319 ailbnc
1093 2251 1190 2298 contra
1208 2251 1233 2298 te
1249 2242 1360 2317 scripsi,
1384 2243 1505 2300 facturus
1521 2244 1545 2298 id
1562 2260 1661 2317 magne

370 2328 524 2404 principum
546 2329 692 2403 applausu.
722 2330 772 2385 nisi
800 2330 926 2385 vidissem
953 2329 1005 2385 hoc
1033 2327 1137 2400 absque
1166 2327 1269 2383 iactura
1291 2327 1422 2399 evangelii
1445 2345 1500 2383 non
1523 2329 1661 2389 futurum;

372 2421 477 2469 tantum
501 2430 548 2469 eos
571 2412 659 2487 repuli
682 2415 727 2486 qrri
750 2413 920 2469 conabantur
942 2414 1067 2470 omnibns
1089 2412 1258 2487 principibus
1285 2413 1449 2488 persuadere
1477 2412 1541 2467 mibi
1573 2421 1661 2467 tecum

372 2499 461 2554 fmrlus
483 2515 543 2553 esse
565 2507 593 2553 et
615 2497 680 2552 nrilri
705 2507 793 2554 tecum
815 2516 865 2572 per
887 2498 976 2552 omnia
999 2498 1144 2554 convenire
1167 2506 1195 2553 et
1217 2497 1244 2553 in
1267 2497 1343 2553 libris
1368 2498 1434 2553 meis
1456 2514 1517 2552 esse
1533 2496 1660 2570 quicquid

374 2590 403 2638 tu
425 2583 553 2637 doceres:
578 2582 634 2638 baec
657 2583 750 2655 opinio
773 2583 814 2637 vir
838 2583 918 2637 etiarn
942 2599 1012 2640 nunc
1036 2582 1127 2638 revelli
1151 2589 1242 2656 potest
1265 2601 1296 2638 ex
1320 2582 1428 2637 illorum
1451 2581 1555 2637 animis.
1593 2580 1661 2648 Quid

333 2666 477 2722 rescribas
500 2676 529 2722 tu
553 2667 579 2721 iu
602 2684 656 2726 me,
681 2684 735 2721 non
759 2684 923 2740 magnopere
947 2665 1056 2730 laboro;
1079 2668 1102 2722 si
1126 2667 1253 2722 mundum
1277 2677 1410 2741 spectem,
1441 2664 1508 2721 nihil
1531 2665 1596 2721 milri
1618 2682 1661 2721 ac·

371 2752 461 2808 eirlere
484 2760 577 2823 posset
599 2750 719 2806 felicius:
742 2753 823 2825 cupio
846 2752 914 2807 bane
936 2753 1049 2808 animam
1074 2769 1169 2826 puram
1192 2752 1305 2807 reddere
1320 2752 1427 2807 Cbristo
1451 2759 1478 2806 et
1501 2750 1527 2804 in
1550 2750 1602 2804 hoc
1624 2749 1663 2805 al·

373 2836 445 2891 lectu
469 2834 547 2889 velim
571 2852 664 2890 omues
687 2853 755 2891 esse.
800 2836 827 2891 Si
855 2845 967 2909 paratus
995 2855 1024 2893 es
1053 2836 1179 2893 omnibus
1202 2836 1314 2893 reddere
1337 2836 1471 2892 rationem
1493 2835 1526 2890 de
1548 2852 1579 2890 ea
1602 2851 1663 2907 qnae

372 2921 399 2975 in
423 2928 450 2974 te
473 2927 515 2975 est
537 2919 605 2980 fulc,
628 2937 678 2974 cur
699 2938 771 2992 aegre
794 2922 866 2997 feras
888 2922 910 2975 si
935 2922 996 2994 quis
1018 2922 1138 2977 discendi
1161 2922 1248 2994 gratia
1270 2930 1358 2977 tecum
1380 2920 1517 2993 disputet?
1547 2914 1664 2975 fortasse

373 3004 499 3059 Erasmus
527 3004 649 3059 scribens
678 3004 704 3058 in
735 3013 761 3059 te
789 3005 875 3077 magis
897 3007 1032 3078 profuerit
1059 3005 1214 3077 evangelio,
1244 3023 1323 3079 qnam
1352 3005 1459 3078 qrridam
1483 3002 1576 3058 stolidi
1598 3003 1664 3059 scri·

337 3088 471 3143 salientes
493 3095 545 3161 prc'
568 3095 610 3148 te,
634 3105 684 3160 per
706 3106 775 3161 quos
798 3107 852 3145 non
876 3090 939 3145 licet
961 3108 1021 3145 esse
1044 3098 1227 3163 spectatorem
1249 3091 1329 3145 istius
1352 3088 1505 3161 tragmdiae,
1529 3105 1588 3160 quae
1611 3088 1664 3142 nti·

374 3190 435 3228 nam
457 3189 521 3233 nou¹
535 3171 632 3227 lrabeat
648 3164 780 3245 tragicum
796 3174 911 3230 exitum!
935 3174 980 3229 sed
997 3192 1039 3229 me
1054 3175 1082 3228 in
1097 3174 1229 3230 diversam
1244 3181 1348 3248 partem
1364 3171 1534 3247 propellunt,
1558 3171 1663 3226 etiamsi

374 3256 510 3330 principes
527 3274 580 3311 non
597 3274 629 3312 eo
645 3257 849 3330 compellerent.
887 3259 985 3313 lrorum
1000 3258 1160 3330 improbitas
1175 3257 1262 3313 reddit
1278 3256 1446 3330 evangelium
1463 3256 1577 3309 invisum
1593 3254 1664 3328 apud

373 3341 502 3397 cordatos
518 3349 545 3396 et
560 3350 694 3414 cogentur
709 3342 845 3416 principes
862 3343 976 3397 istorum
993 3342 1139 3397 seditiosos
1154 3337 1295 3397 'tumultus
1317 3356 1506 3415 compescere:
1529 3356 1622 3393 verum
1639 3338 1663 3393 id

374 3442 428 3481 non
452 3424 498 3480 liet
513 3424 615 3498 absque
632 3425 743 3481 laesione
759 3427 940 3481 innoxiorum.
964 3426 1064 3501 nemini
1087 3425 1259 3487 auscultant,
1283 3442 1315 3480 nc
1339 3424 1388 3480 tibi
1404 3423 1527 3498 quidem2
1550 3422 1664 3496 implent

337 3523 366 3565 ao
376 3510 505 3565 muudum
521 3510 633 3565 furiosis
649 3509 763 3572 libellis,
787 3510 822 3565 ob
838 3527 909 3584 quos
925 3528 1015 3584 opera
1031 3511 1150 3583 pretium
1166 3511 1320 3565 existimant
1336 3517 1440 3565 veteres
1456 3507 1518 3563 illos
1534 3507 1665 3563 orthodo-

374 3612 423 3650 xos
438 3601 622 3650 contemnere.
645 3594 697 3649 Sed
713 3595 755 3650 his
769 3596 803 3651 dc
819 3595 900 3650 rebus
915 3595 1049 3669 prolixum
1066 3595 1102 3649 sit
1118 3593 1251 3657 scribere:
1264 3611 1362 3668 precor
1376 3602 1408 3648 ut
1422 3593 1489 3648 deus
1505 3592 1594 3647 omnia
1607 3608 1665 3646 rer·

375 3687 415 3734 tat
431 3679 457 3733 in
474 3696 548 3733 suam
565 3678 687 3750 gloriam.
711 3680 739 3733 lu
752 3680 871 3753 Spongia
887 3679 1045 3734 modestiam
1060 3679 1207 3741 desideras,
1223 3697 1283 3735 cum
1299 3678 1335 3733 ibi
1351 3680 1383 3734 de
1396 3679 1447 3733 vita
1459 3676 1578 3737 llatteni,
1592 3675 1665 3737 luxu.

375 3763 489 3823 scortis.
513 3761 570 3818 alea
586 3763 785 3835 perditissima,
800 3764 833 3819 de
850 3763 1019 3819 stultissimis
1035 3762 1108 3819 illius
1124 3763 1234 3836 gloriis,
1251 3763 1319 3819 nulli
1336 3764 1456 3837 quamvis
1472 3761 1558 3816 antico
1573 3779 1603 3816 ac
1620 3778 1665 3834 pa·

377 3848 454 3902 tienti
472 3846 631 3907 tolerandis,
648 3848 681 3902 ‹le
697 3849 914 3910 decoctionibus,
930 3849 963 3904 de
979 3856 1085 3904 extorta
1101 3867 1115 3904 a
1130 3849 1368 3904 carthusiensibus
1383 3846 1508 3921 pecunia,
1524 3846 1556 3901 de
1573 3862 1666 3919 ampu-

337 3948 364 3988 as
375 3929 441 3988 tatis'
456 3930 583 3987 auriculis
598 3931 704 3986 dnolms
720 3933 960 4006 praedicatoribus,
977 3934 1010 3988 de
1026 3932 1185 3994 latrocinio,
1206 3933 1304 3987 invasis
1321 3932 1409 3988 tribus
1425 3930 1566 3987 abbatibus
1582 3930 1609 3985 in
1625 3931 1673 3985 ria·

375 4015 497 4090 publica,
522 4016 557 4071 ob
573 4016 646 4088 quod
663 4017 765 4071 lacinus
782 4034 852 4073 aruns
875 4037 889 4073 c
912 4017 1020 4073 famulis
1043 4018 1117 4075 illins
1139 4019 1227 4092 capite
1252 4026 1392 4074 truncatus
1415 4026 1470 4078 est,
1495 4017 1583 4089 deque
1606 4015 1666 4070 aliis

376 4099 450 4155 illius
481 4100 646 4155 facinoribus
674 4101 755 4172 vulgo
784 4103 864 4158 etiam
893 4103 966 4158 notis
989 4102 1093 4159 nullum
1118 4105 1144 4158 in
1168 4103 1288 4177 Spongia
1310 4103 1421 4159 verbnm
1452 4102 1576 4163 fecerim,
1605 4117 1666 4156 cum

376 4184 422 4239 ille
452 4201 501 4240 nec
531 4183 612 4238 verbo
640 4194 802 4258 provocatus
831 4205 844 4241 a
875 4205 916 4241 me
946 4187 1053 4260 prodita
1083 4187 1200 4244 amicitia
1223 4188 1250 4243 iu
1273 4188 1387 4260 gratiam
1411 4187 1491 4242 unius
1514 4184 1667 4245 nebulonis,

377 4287 432 4343 quo
456 4267 523 4324 nihil
546 4268 695 4341 perditius,
720 4277 823 4325 tautum
847 4270 978 4326 falsorum
1000 4273 1142 4327 criminum
1166 4274 1192 4338 in
1216 4288 1258 4327 me
1274 4271 1400 4344 gesserit,
1424 4278 1554 4343 quantum
1574 4286 1668 4325 scurra
1702 4266 1708 4278 ’

338 4353 466 4427 acquiris
489 4353 515 4408 in
538 4352 653 4410 alterum
677 4355 765 4428 possit
787 4354 962 4410 comminisci.
1006 4356 1041 4411 lle
1069 4356 1247 4429 perbalissime
1276 4354 1399 4427 evulgata
1426 4355 1458 4408 ad
1480 4355 1667 4427 llognntinum

377 4436 509 4511 epistola,
542 4455 691 4511 suppresso
721 4439 807 4513 ipsius
830 4439 954 4500 nomine,
984 4439 1090 4501 relerc;
1119 4440 1151 4494 de
1174 4438 1259 4494 altera
1282 4439 1392 4512 pertidia
1416 4455 1468 4510 qua
1491 4438 1580 4493 fuerat
1602 4454 1668 4493 usus

377 4523 403 4577 in
428 4540 485 4584 me,
510 4529 602 4577 taceo:
626 4531 794 4585 extorserat,
817 4532 849 4579 ut
870 4521 963 4578 multis
986 4522 1111 4596 epistolis
1134 4523 1200 4577 meis
1223 4523 1459 4578 commendaretur
1481 4522 1508 4577 in
1530 4519 1591 4577 aula
1613 4521 1668 4575 Cae·

376 4606 460 4668 saris,
483 4624 543 4663 cnm
566 4606 618 4663 iam
640 4607 811 4683 coniurasset
833 4609 960 4663 adversus
981 4608 1127 4669 Caesarem,
1152 4615 1257 4662 tantum
1279 4606 1372 4662 volens
1395 4605 1469 4661 abuti
1485 4605 1598 4661 Caesaris
1620 4621 1668 4659 no-

377 4805 564 4856 cccnxrm.
587 4806 646 4855 1=
657 4805 763 4871 toraca
775 4804 861 4869 eriere
873 4816 924 4859 oon
938 4804 1039 4870 canae
1058 4806 1128 4867 (rna.
1142 4805 1209 4855 arar.
1224 4805 1260 4854 11⁰.
1268 4764 1351 4867 san.)
1365 4806 1401 4854 11.
1416 4821 1441 4870 ρ.
1456 4802 1562 4855 seam
1583 4800 1668 4868 [mua

395 4891 435 4942 brt
449 4888 647 4957 &cattianillam
661 4882 821 4958 &carantana
840 4904 869 4955 aa
887 4888 1069 4959 (biningen.‘']
1119 4890 1181 4937 2:
1193 4889 1271 4938 Hntt.
1286 4890 1396 4939 Manen.
1410 4890 1456 4939 lv.
1473 4907 1497 4955 p.
1511 4887 1650 4941 569...571.

444 5076 467 5108 ³⁹
486 5077 605 5161 gesserit
624 5079 681 5126 !.2.
699 5079 747 5127 sed
763 5080 861 5127 videtur
879 5078 1007 5141 legendum
1025 5093 1081 5128 esre
1101 5079 1281 5143 congesserit,
1340 5077 1362 5111 ⁴⁰
1379 5078 1563 5144 perfidissimo
1583 5080 1640 5129 m.
