4367 6084
533 681 606 752 304
708 695 907 746 cccxxxm.
928 710 1048 747 soonam
1061 712 1166 748 anesin
1179 712 1322 750 aovnusvs
1336 712 1510 749 asenneus·
1524 714 1658 750 uvarum.

531 884 597 927 eam
619 868 874 927 mansuetudinem
895 871 1026 927 maxime
1044 869 1255 943 praestandam
1276 871 1307 928 in
1334 872 1454 944 seriptis
1475 885 1544 942 qua
1571 876 1629 929 toto
1655 871 1728 929 arbe
1756 873 1835 928 aoli-

461 977 530 1027 ttti.
542 976 613 1039 teret,
637 950 727 1042 auum
743 986 800 1028 uox
818 971 862 1027 od
869 987 984 1044 pancos
1002 974 1167 1045 perueniat.
1204 972 1331 1046 polliciti
1349 981 1418 1030 sunt
1437 988 1470 1030 se
1492 972 1615 1030 daturos
1637 988 1780 1047 operam,
1805 983 1837 1030 at
1870 1032 1872 1034 ,

531 1073 565 1130 id
589 1074 684 1143 tieret.
728 1071 790 1130 Nee
815 1071 961 1144 blattatus
983 1074 1046 1146 ipse
1066 1078 1159 1146 reepat
1182 1075 1213 1131 in
1235 1052 1365 1132 Lutbero
1394 1073 1627 1131 desiderandam
1656 1074 1833 1131 modestiam

532 1189 569 1232 ae
591 1174 751 1231 leuitatem.
790 1173 845 1231 sed
865 1174 938 1246 quid
959 1173 1028 1245 boe,
1059 1176 1168 1247 inquit,
1202 1175 1245 1233 ael
1265 1170 1411 1234 eausam?
1444 1174 1527 1234 Istae
1553 1177 1713 1234 anemine
1733 1177 1834 1233 miuus

529 1274 720 1334 eormeuiebat
739 1277 827 1346 queri
846 1291 934 1348 quam
956 1273 995 1333 ab
1017 1275 1159 1346 Hutteno,
1193 1279 1247 1349 qui
1272 1292 1362 1349 quum
1391 1276 1497 1351 abiq'ae
1522 1277 1684 1336 contendat
1707 1276 1853 1335 Lutlteri⁵

530 1392 655 1436 causam
676 1392 740 1434 esse
760 1377 885 1448 iustam,
907 1383 1043 1435 sanctam
1065 1394 1104 1436 ae
1122 1379 1220 1450 piam,
1244 1379 1375 1436 maxime
1397 1367 1520 1437 debebat
1536 1380 1632 1437 irasci
1646 1380 1730 1449 uitio,
1753 1377 1835 1450 quod
1888 1374 1892 1381 ‘

462 1484 529 1534 §.iou
537 1478 737 1552 plurimorum
763 1480 877 1537 animos
906 1481 1030 1537 alienat.
1074 1476 1110 1535 Si
1129 1476 1277 1537 lutberus
1299 1478 1337 1537 ab
1358 1481 1441 1538 initio
1462 1479 1592 1537 candide
1619 1486 1832 1551 mansuetemie

532 1581 692 1651 docuisset,
727 1579 876 1638 abstinens
898 1580 1001 1638 abbis
1023 1596 1091 1652 quoe
1113 1581 1218 1652 prima
1245 1582 1343 1653 speeie
1370 1578 1455 1651 sarri
1479 1597 1539 1638 nou
1563 1585 1725 1654 poterant,
1757 1580 1833 1637 nibil

527 1682 639 1755 suisset
659 1682 808 1740 tumultus.
846 1680 1084 1754 Similiterque
1103 1688 1267 1754 quaterque
1278 1680 1383 1753 frater
1399 1689 1475 1741 esset
1486 1683 1648 1752 Lutberus,
1671 1684 1700 1740 si
1715 1672 1829 1740 doetri-

501 1770 503 1775 ’
532 1800 602 1843 nam
623 1785 703 1842 iltius
723 1781 814 1841 totam
830 1783 1007 1857 probarem,
1029 1798 1087 1841 aaa
1107 1798 1223 1857 possem
1245 1800 1303 1842 non
1324 1783 1509 1842 veliementer
1528 1783 1700 1858 improbare
1717 1788 1856 1841 tanmmu

533 1889 564 1946 iu
587 1884 786 1944 asseverando
801 1886 1021 1959 pervicaciam,
1045 1890 1105 1943 lam
1130 1885 1269 1944 acerbam
1289 1884 1396 1960 ubique
1414 1891 1558 1959 paratam
1579 1885 1828 1944 maledicentiam.

463 1998 531 2046 §aaa
543 2005 597 2048 nee
614 1988 715 2047 adbuc
727 2003 848 2061 possum
865 1989 963 2046 onium
981 2003 1043 2046 meo
1058 1987 1246 2062 persuadere
1262 1986 1373 2046 Christi
1384 1988 1535 2060 spiritum,
1556 2001 1613 2060 quo
1629 1987 1709 2047 nillil
1724 1988 1827 2058 mitius,

531 2091 698 2150 inhabitare
717 2097 822 2163 peetus
843 2089 932 2161 illud,
960 2090 1040 2148 unde
1061 2095 1144 2148 tanta
1166 2095 1259 2147 scatet
1279 2091 1496 2147 amarulentia:
1528 2096 1619 2161 atque
1645 2091 1761 2148 utinam
1783 2089 1828 2146 ln‘e

531 2209 577 2252 me
594 2191 693 2264 sallat
711 2198 778 2248 mea
792 2192 934 2264 suspicio:
953 2192 1002 2251 ‘At
1020 2190 1153 2249 habetet
1169 2191 1293 2265 spiritus
1307 2190 1507 2263 annpetieus
1521 2205 1605 2249 suum
1620 2190 1827 2250 stomachum:

533 2295 639 2366 aredio,
661 2292 716 2351 sed
736 2293 840 2363 alium,
866 2308 920 2352 nee
941 2308 1067 2365 usquam
1086 2291 1170 2351 abest
1187 2294 1245 2350 met
1264 2291 1342 2350 illud
1362 2291 1521 2350 claritatis
1541 2292 1623 2364 quod
1642 2292 1854 2364 obiurpaaoa

463 2399 589 2457 §.usmis
607 2398 692 2454 ulain
714 2393 843 2453 condiat.
886 2392 982 2453 Audio
995 2394 1115 2453 Petrum
1138 2394 1341 2467 indipnantem
1359 2392 1472 2483 simam·
1493 2395 1629 2468 pecunia
1651 2402 1704 2454 tua
1727 2397 1766 2453 sit
1786 2400 1830 2451 te-

532 2515 599 2557 cam
622 2501 652 2556 ia
670 2496 885 2571 perditionem:
916 2513 955 2553 an
978 2497 1131 2554 existimas
1154 2496 1261 2554 donum
1284 2495 1335 2553 dei
1347 2497 1464 2569 parari
1485 2490 1648 2569 pecunial'
1679 2495 1736 2554 boe
1757 2511 1830 2556 eon-

532 2603 632 2659 aitiam
660 2599 698 2657 ab
720 2599 920 2671 apostolorum
941 2600 1070 2656 omnium
1092 2599 1243 2656 mitissimo
1264 2599 1390 2655 extorsit
1408 2599 1455 2654 rei
1474 2597 1655 2670 intlipnitas:
1683 2597 1740 2655 sed
1758 2598 1834 2655 audi

533 2718 612 2760 riurle
631 2700 865 2758 condimentum:
895 2700 1107 2772 poenitentiam
1129 2701 1228 2772 itaque
1250 2716 1305 2773 ape
1328 2704 1359 2756 et
1378 2714 1454 2772 rapa
1481 2698 1583 2770 deam
1616 2700 1645 2756 si
1666 2697 1751 2769 forte
1777 2716 1831 2757 re-

463 2807 531 2856 §.aa
543 2804 677 2859 mittatur
692 2799 746 2857 tibi
764 2801 830 2859 laxe
852 2802 992 2872 capitatio
1014 2798 1133 2859 eordis'.
1179 2800 1218 2859 At
1230 2800 1378 2860 Lutberus
1401 2803 1432 2858 in
1455 2798 1694 2874 arpumentaado
1712 2817 1830 2875 parcas
1842 2809 1875 2850 ιι

531 2909 562 2961 et
581 2904 734 2974 astrictas,
760 2903 791 2959 in
809 2903 942 2960 convitiis
964 2910 993 2959 et
1011 2905 1180 2962 scommatis
1200 2919 1293 2974 neque
1311 2903 1430 2961 modum
1452 2905 1533 2961 nouit
1552 2919 1647 2976 neque
1662 2904 1770 2975 fierem,
1791 2903 1833 2960 ibi

530 3018 734 3078 saepenumero
754 3005 857 3062 sannis
878 3010 908 3062 et
927 3003 1038 3063 salibus
1058 3004 1180 3085 latiens,
1213 3005 1265 3063 ubi
1284 3021 1332 3063 res
1353 3007 1468 3063 nullam
1485 3005 1603 3079 prabet
1629 3007 1814 3063 occasionem
1821 3025 1832 3070 ,·

531 3109 610 3165 uelut
629 3107 660 3164 ia
682 3104 778 3163 libello
797 3121 883 3177 quem
903 3107 1024 3180 scripsit
1043 3106 1188 3165 aduersus
1206 3106 1454 3179 repentinae,
1477 3106 1551 3179 auid
1566 3105 1711 3164 inuitabat
1728 3116 1761 3164 ut
1780 3107 1832 3164 di-

532 3216 628 3267 ceret:
656 3207 829 3279 „Veniatis,
864 3207 982 3266 domine
1003 3208 1149 3280 Henriee,
1182 3223 1236 3281 epo
1257 3207 1366 3266 docebo
1385 3203 1479 3266 oosl’'
1511 3214 1591 3268 certe
1612 3209 1694 3280 repis
1715 3208 1831 3267 libellus

532 3309 637 3369 Latine
657 3309 845 3383 loquebatur,
867 3326 922 3368 uec
941 3312 1099 3370 inerudito.
1134 3316 1164 3368 et
1184 3316 1281 3369 tamen
1303 3316 1372 3368 suta
1392 3310 1497 3383 qulbus
1516 3311 1572 3368 ista
1595 3311 1671 3368 mire
1691 3310 1856 3368 videntura

463 3412 663 3485 §.musestiaa
709 3411 848 3481 Oruritur
864 3412 1024 3486 Huttenus,
1048 3412 1129 3486 quod
1141 3428 1196 3484 epo
1208 3412 1338 3486 preebita
1359 3414 1558 3486 qualicunque
1578 3428 1631 3485 spe
1650 3427 1699 3470 me
1721 3412 1827 3486 dispu-

531 3520 663 3574 taturum
677 3529 743 3572 eum
758 3512 903 3584 Lutbero,
926 3514 1099 3574 addiderim
1114 3516 1228 3572 animos
1238 3513 1440 3588 principibus,
1463 3519 1496 3571 ut
1509 3514 1599 3572 ueluti
1618 3513 1825 3586 redinleprato

531 3616 605 3675 betto
626 3617 813 3674 eoorireatur
833 3614 979 3674 aduersus
1001 3615 1178 3686 taenaron,
1212 3631 1301 3688 quum
1323 3617 1386 3689 ipse
1407 3617 1508 3689 potius
1529 3615 1696 3674 dealitate
1718 3616 1828 3674 calami

525 3722 668 3792 proaoeel
686 3717 815 3774 omnium
833 3718 947 3775 animos
969 3719 1000 3774 in
1019 3734 1095 3788 sese,
1123 3723 1152 3774 et
1171 3719 1215 3775 ad
1234 3720 1403 3791 exemptum
1424 3734 1530 3791 caprae
1551 3715 1683 3791 Scurio,
1711 3717 1750 3775 de
1770 3732 1826 3790 qua

532 3829 575 3877 est
596 3821 626 3876 in
650 3817 824 3876 Graecorum
840 3817 1021 3891 proverbiis,
1049 3818 1105 3877 boe
1125 3821 1222 3892 ursum
1243 3819 1324 3893 quod
1343 3817 1477 3877 reddidit
1496 3815 1684 3889 boui'laetis,
1709 3817 1852 3890 seroeiau

419 3998 422 4004 .
463 3929 529 3978 tuoe
541 3919 691 3977 subuertit.
733 3918 858 3975 Arrodit
876 3927 905 3977 et
926 3920 1003 3977 illud
1016 3919 1177 3992 illatenus,
1199 3919 1279 3994 quod
1295 3916 1407 3978 alieubi
1423 3922 1545 3996 scripsi,
1568 3924 1636 3978 ‘aon
1655 3936 1720 3979 esse
1734 3937 1826 3980 evan-

527 4022 656 4093 pelieum
679 4018 791 4077 tecbnis
812 4036 849 4078 ae
869 4022 898 4077 oi
911 4036 1077 4094 quenquam
1091 4025 1122 4081 iu
1140 4038 1196 4081 sua
1210 4027 1312 4082 castro
1326 4023 1520 4096 pertrahere,
1543 4037 1633 4095 qaum
1649 4023 1720 4081 olim
1738 4023 1825 4081 Clui-

529 4123 621 4180 stiani
640 4121 770 4179 eelarint
788 4137 837 4179 eos
856 4124 909 4194 qui
921 4123 1113 4183 ‘uocabantur
1133 4127 1163 4182 ia
1180 4127 1365 4199 periculam,
1393 4141 1448 4182 nec
1466 4123 1661 4184 admittebant
1685 4126 1715 4181 in
1739 4139 1823 4184 suum

532 4223 752 4283 contubernium
773 4225 832 4281 nisi
853 4231 955 4298 sponte
976 4227 1103 4286 nolentes
1125 4233 1154 4284 et
1172 4226 1345 4304 ambientes,
1372 4242 1439 4285 cum
1462 4242 1507 4286 me
1529 4233 1569 4285 tot
1588 4225 1705 4284 artibus
1729 4226 1828 4284 eonati

462 4328 600 4385 §.ausint
620 4326 739 4384 irretire
758 4325 926 4385 lutherani
944 4328 1081 4401 quidam,
1105 4344 1142 4386 ue
1155 4343 1272 4402 possem
1293 4325 1429 4396 resilire,
1473 4327 1536 4387 Hoc
1560 4329 1621 4385 ault
1641 4343 1661 4385 a
1686 4344 1733 4386 me
1751 4340 1853 4387 con-sa

526 4432 629 4502 fictum
651 4430 761 4501 videri,
785 4430 844 4487 nisi
862 4428 1021 4505 proferam
1044 4431 1097 4503 qai
1115 4429 1172 4488 boe
1188 4428 1328 4501 fecerint.
1371 4431 1428 4489 imo
1452 4431 1516 4504 ipse
1537 4429 1731 4503 respondeat,
1755 4427 1827 4502 quid

530 4535 646 4606 aperiat
665 4533 711 4591 illi
730 4534 783 4605 oni
799 4533 930 4605 primam
953 4533 1035 4590 illam
1054 4533 1207 4605 epistolam
1220 4531 1350 4591 Lntliero
1367 4533 1511 4606 scriptam
1529 4527 1737 4606 evaluerunt?
1756 4529 1828 4603 quid

529 4638 582 4708 qui
604 4637 671 4695 laea
692 4633 831 4708 quaedam
851 4633 966 4702 odiosa,
992 4633 1114 4692 etibris
1136 4635 1207 4691 meis
1233 4634 1377 4708 decerpta
1404 4640 1434 4692 et
1454 4635 1484 4692 in
1506 4635 1641 4705 liupuam
1665 4632 1825 4690 Germani-

598 4868 619 4900 ¹“
637 4866 745 4934 pecua]
765 4869 857 4919 Actor.
872 4867 944 4917 v111.
958 4867 999 4916 20.
1049 4866 1068 4898 ¹⁹
1085 4857 1193 4933 panio]
1214 4869 1281 4918 ibid.
1295 4884 1320 4918 v.
1332 4869 1373 4918 ⁸22.
1421 4865 1443 4898 ²²
1462 4868 1498 4918 ci.
1512 4869 1625 4932 Expost.
1639 4869 1680 4929 ἓξ.
1696 4867 1754 4918 153.
1768 4865 1825 4916 206.

530 4968 588 5017 sqq.
641 4951 662 4983 ²⁰
682 4968 766 5017 capra
785 4950 841 5017 Sa]
862 4946 911 5014 αἲξ
924 4950 1046 5015 Σκυρία.
1066 4953 1103 5002 ef.
1117 4953 1218 5003 Zenob.
1233 4954 1269 5002 11.
1286 4952 1324 5002 ts.
1339 4971 1363 5003 e.
1378 4953 1496 5018 interpp.
1544 4951 1563 4984 ³¹
1583 4949 1693 5018 Ληθὼ]
1713 4953 1826 5017 Expost.

530 5039 554 5098 ᾗ.
569 5035 625 5087 191.
679 5035 700 5066 ³³
719 5035 846 5123 caelarint
864 5040 922 5085 Μ.
976 5035 999 5067 ³⁵
1016 5035 1084 5102 vult]
1104 5036 1327 5102 Expost.§.193.
