4367 6084
362 744 530 796 CCCXCIV.
552 743 638 811 [rrsrr
652 745 745 812 aaran]
764 762 801 796 aa>
813 762 975 796 aronourau
989 762 1046 796 rou.
1060 762 1143 796 eaorr
1157 762 1281 798 avaram
1295 761 1456 798 aaaronsro.
1477 756 1535 797 tuat.
1572 733 1646 804 463

358 918 487 973 chiunos:
512 918 585 973 nosti
607 918 679 973 euim
701 919 785 975 risum
810 919 862 974 vim
884 918 983 974 habere
1007 919 1269 992 imperiosissimam,
1297 920 1344 993 qui
1366 921 1484 994 erumpit
1505 939 1592 994 saepe,
1616 932 1646 977 ut

358 1000 403 1056 ille
424 1002 475 1063 ait,
499 1002 679 1057 invitissimis:
698 1003 770 1065 vide,
787 1012 817 1058 ut
831 1003 920 1057 celare
940 1003 1006 1057 satis
1027 1020 1057 1058 ac
1080 1011 1172 1074 tegere
1187 1003 1297 1058 Crotum
1317 1003 1392 1059 illurn
1417 1013 1533 1060 veterem
1548 1007 1648 1079 possis,

359 1086 405 1159 qui
429 1086 518 1140 minus
541 1094 646 1140 mutare
669 1092 793 1141 naturam
817 1087 946 1141 ironicam
969 1095 1075 1159 potest,
1100 1104 1180 1158 quam
1203 1087 1334 1160 Aethiops
1350 1087 1457 1161 pellem.
1529 1112 1532 1117 ¹
1566 1160 1569 1166 ,

444 1170 497 1224 Sed
520 1170 597 1243 quid,
621 1170 715 1231 Crete,
738 1171 778 1224 vir
800 1170 969 1231 suavissime,
993 1171 1071 1244 quid,
1097 1171 1218 1243 inquam,
1239 1171 1261 1226 si
1280 1171 1452 1226 reuiuisceret
1466 1171 1599 1228 lluttenus
1619 1182 1646 1229 et
1658 1180 1715 1229 tte.

337 1254 468 1310 trideret'
486 1255 612 1314 Crotum,
634 1254 722 1308 virum
744 1253 819 1309 illum
843 1253 907 1309 olim
929 1253 1034 1327 prolixe
1055 1255 1252 1315 Lutherauum,
1282 1251 1390 1317 isthic,
1406 1272 1466 1310 cum
1486 1274 1561 1312 sacra
1583 1258 1647 1314 lacit

359 1337 459 1411 aliquis
482 1338 678 1393 Canonicorum
706 1337 747 1394 vel
769 1339 961 1410 suffraganeus
983 1338 1124 1412 Episcopi,
1155 1339 1368 1412 reciprocatione
1394 1356 1518 1396 manuum
1548 1342 1647 1397 iactan-

361 1431 414 1477 tem
438 1421 605 1476 thuribulum
627 1429 655 1477 ct
678 1421 740 1477 illos
763 1423 853 1478 iumos
875 1431 1063 1495 spargentem,
1087 1440 1156 1495 ques
1179 1423 1242 1478 elim
1265 1440 1326 1477 vere
1342 1424 1435 1478 ¹fumos
1455 1441 1515 1479 esse
1533 1425 1646 1486 dicebat,

360 1515 478 1580 utroque
496 1506 607 1561 brachio
629 1513 775 1579 protenso,
798 1506 921 1561 adductis
945 1506 1115 1580 superciliis,
1139 1508 1215 1580 quasi
1231 1524 1293 1562 sero
1312 1507 1404 1568 iaciat,
1426 1514 1561 1563 tenentem
1578 1509 1647 1564 iulu-

360 1590 412 1644 lam
435 1590 613 1662 suffraganei,
637 1598 664 1645 et
687 1591 713 1645 ni
737 1590 818 1646 isllor
840 1589 938 1646 calceis
953 1590 1080 1664 Episcopi
1103 1590 1229 1663 figentem
1252 1590 1358 1652 oscula,
1384 1591 1535 1646 flectentem
1550 1610 1646 1665 genua,

328 1679 422 1730 tticum
438 1673 610 1735 choralibus,
633 1674 741 1747 quoties
756 1675 938 1732 chirothecam
954 1674 1108 1730 annulatam
1124 1675 1235 1748 aspicit,
1256 1682 1285 1730 ct
1307 1684 1409 1730 tantum
1432 1691 1487 1730 non
1508 1675 1570 1744 illos
1587 1677 1647 1750 pul·

360 1775 436 1814 veres
456 1757 619 1831 lingentem,
640 1776 710 1832 quos
735 1758 859 1814 chorales
882 1758 909 1813 in
923 1758 1049 1832 Vesperis
1072 1759 1250 1815 semisomnes
1272 1767 1300 1814 et
1322 1758 1390 1813 ebrii
1412 1760 1513 1814 sanetis
1535 1762 1647 1833 pedibus

360 1841 482 1897 caleant?
505 1858 599 1898 tienne
617 1843 765 1903 Huttenus,
789 1843 870 1898 homo
886 1850 981 1898 natura
996 1843 1140 1898 vehemens
1162 1850 1189 1898 et
1212 1843 1344 1904 fervidus,
1368 1851 1395 1897 et
1416 1843 1478 1898 odio
1496 1844 1647 1917 hypocrisis

359 1927 471 1988 ardens,
495 1934 522 1982 te
538 1925 574 1980 ibi
590 1927 618 1982 in
633 1927 721 1982 medio
740 1926 842 2000 templo
857 1935 989 1987 stantem,
1010 1935 1064 1982 tam
1087 1926 1265 1982 confidentem
1288 1926 1481 1989 simulatorem,
1504 1928 1592 2001 palam
1611 1930 1644 1983 ri·

361 2011 438 2066 deret
461 2018 488 2065 et
509 2012 704 2084 consputaret?
724 2010 756 2065 Et
779 2028 831 2083 ego
849 2011 956 2084 quidem
979 2011 1036 2084 ipse
1054 2011 1125 2066 istuc
1148 2028 1178 2066 os
1201 2018 1277 2066 tuum
1296 2011 1438 2085 impudens
1460 2011 1570 2067 nimium
1593 2012 1715 2069 vel-saa.

329 2093 415 2151 ¹⁵lem
438 2094 545 2155 videre,
577 2095 639 2168 quis
661 2102 746 2156 esset,
771 2104 802 2151 ut
824 2093 870 2150 illc
892 2094 994 2169 inquit,
1022 2102 1109 2150 status
1133 2103 1225 2151 tenere
1250 2102 1276 2150 te
1298 2093 1350 2150 hoc
1377 2093 1526 2157 ilabellnm,
1555 2105 1647 2153 tenere

362 2186 389 2233 te
410 2178 592 2240 thuribulum,
610 2178 708 2234 animal
728 2187 841 2234 tantum.

445 2262 543 2318 Verum
563 2263 620 2319 haec
640 2280 691 2336 pro
710 2263 836 2319 libertate
858 2263 981 2319 amicitiae
1003 2262 1065 2318 hami
1087 2262 1228 2324 consules,
1252 2270 1280 2317 et
1300 2263 1352 2317 uisi
1375 2264 1482 2319 ruditus
1499 2265 1648 2324 vicinorum

360 2347 402 2418 (ut
420 2354 449 2401 tu
465 2347 565 2420 inquis)
588 2347 725 2403 asinorum
747 2356 821 2403 tuum
838 2344 904 2402 illud
920 2346 1070 2402 literarium
1086 2346 1269 2402 interturbant
1285 2348 1382 2408 ocium,
1398 2356 1445 2402 aut
1464 2349 1552 2404 studia
1568 2349 1648 2406 isthic

360 2430 602 2493 Coneionatorum,
624 2431 670 2504 qui
686 2431 823 2487 doctiores
844 2437 872 2487 et
894 2431 1021 2486 meliores
1042 2430 1092 2484 viri
1115 2437 1143 2485 te
1165 2448 1224 2486 esse
1246 2430 1437 2504 perhibentur,
1464 2449 1555 2504 quaeso
1585 2435 1648 2489 ridi·

326 2514 422 2570 ²⁰cula
443 2515 563 2587 quaedam
587 2514 640 2570 illis
663 2515 731 2577 tuis,
757 2515 784 2570 id
806 2523 848 2571 est
870 2516 944 2571 Croti
971 2514 1159 2576 ironicissimi,
1187 2531 1311 2587 respersa
1332 2523 1359 2570 et
1382 2516 1464 2571 tincta
1486 2517 1587 2572 salibus
1606 2535 1648 2574 ae·

361 2607 454 2654 curate
473 2598 601 2654 rescribe.
645 2599 702 2671 Ego
725 2615 793 2655 nova
819 2601 941 2672 quaedam
971 2599 1061 2672 accepi
1089 2616 1121 2653 cs
1146 2598 1221 2654 ouria
1241 2599 1374 2660 Romana,
1402 2616 1434 2654 ax
1460 2601 1518 2672 ipsa
1538 2601 1716 2660 Camerata.

361 2682 506 2738 Clementis
528 2683 579 2737 Vll.
601 2700 681 2756 quem
704 2690 747 2744 tu,
775 2693 806 2738 ut
831 2684 927 2745 auctio,
957 2683 1109 2738 clanculum
1138 2683 1208 2757 apud
1239 2691 1301 2738 tuos
1322 2683 1474 2756 symmistes
1496 2685 1648 2741 Dementem

361 2766 413 2821 vtl.
437 2783 532 2822 vocare
551 2767 636 2829 soles,
659 2768 749 2840 accepi
771 2775 799 2822 et
820 2768 1019 2842 disputationes
1042 2767 1184 2841 quasdam,
1204 2774 1334 2839 quantum
1357 2784 1427 2823 unus
1441 2769 1512 2841 Papa
1528 2777 1650 2843 tempore

361 2852 404 2905 sni
427 2858 542 2924 papatus
562 2852 652 2924 possit
675 2851 745 2907 bona
767 2851 933 2907 conscicntia
955 2852 1068 2908 tundere
1100 2851 1240 2924 sanguinis
1270 2852 1297 2906 in
1320 2850 1398 2906 bellis
1419 2851 1530 2913 italicis,
1557 2863 1588 2909 ut
1610 2855 1650 2909 ni·

328 2935 421 2989 athila
442 2935 531 2991 minus
552 2944 659 2990 maneat
680 2935 801 2992 Vicarins
823 2935 933 2991 humilis
963 2944 989 2990 et
1013 2936 1145 2991 mausueti
1167 2936 1282 2999 Christi;
1311 2936 1375 2990 itefn
1398 2935 1491 3008 quales
1512 2937 1650 2995 chirothe-

361 3037 406 3074 cas
428 3019 515 3075 induit
533 3019 619 3092 Papa,
643 3021 750 3092 quaudo
773 3020 844 3075 iuter
866 3020 989 3092 legiones
1012 3021 1039 3075 in
1061 3020 1118 3074 acie
1141 3028 1276 3079 versatur,
1299 3036 1332 3074 ne
1355 3018 1431 3074 locus
1454 3020 1538 3075 Esaiae
1560 3022 1648 3095 ipsum

361 3110 456 3176 tangat
476 3103 577 3158 ‘Manus
600 3110 696 3160 vostrae
712 3103 800 3178 pleuar
818 3112 881 3159 sunt
904 3104 1058 3177 sanguiue';
1088 3104 1152 3158 item
1175 3104 1246 3175 quod
1266 3104 1349 3175 l‘apa,
1379 3104 1485 3175 quando
1509 3104 1578 3160 bella
1602 3118 1717 3178 ge-§.ss

362 3188 414 3250 rit,
437 3188 566 3243 annulum
589 3187 687 3261 Gygis,
710 3206 763 3243 non
786 3187 914 3242 annulum
935 3188 1079 3261 piscatoris
1100 3194 1202 3260 gestat,
1225 3190 1259 3240 ne
1280 3188 1349 3242 lleus
1371 3187 1398 3240 in
1417 3187 1487 3241 eoele
1504 3188 1592 3244 videat
1612 3191 1649 3244 vi·
1732 3233 1736 3242 .

362 3288 421 3328 rum
444 3272 620 3344 sanguinum3
642 3272 706 3327 item
729 3273 801 3345 quod
824 3272 968 3327 concilium
984 3273 1073 3326 Rorirae
1095 3271 1131 3325 sit
1147 3270 1266 3325 habitum
1281 3271 1314 3325 de
1329 3271 1403 3342 gravi
1418 3271 1547 3333 articulo,
1570 3290 1650 3346 quern

327 3362 390 3410 ³⁰et
416 3364 446 3410 tu
466 3356 587 3411 tractasti
606 3356 801 3429 magistraliter
823 3356 849 3410 in
871 3354 962 3412 libello
983 3363 1031 3410 tuo
1054 3355 1085 3409 ad
1109 3355 1240 3410 obscuros
1256 3355 1341 3414 viros,
1365 3362 1432 3426 quot
1448 3355 1534 3410 nodos
1548 3357 1581 3411 de
1599 3374 1650 3412 cm·

363 3448 422 3495 tero
446 3439 545 3496 habere
564 3439 645 3496 debet
668 3440 794 3514 cingulus
815 3441 870 3495 reri
889 3439 1067 3496 Franciscani.
1112 3439 1144 3495 Et
1172 3438 1194 3495 si
1223 3437 1350 3493 delectari
1381 3447 1407 3493 te
1433 3439 1524 3495 antero
1548 3442 1648 3498 mutuis
1659 3449 1718 3500 §.aa

872 3545 904 3578 χ,

429 3702 517 3770 ²ille]
538 3705 596 3755 Cic.
611 3706 657 3758 Or.
672 3707 708 3755 11.
722 3706 765 3755 58.
834 3704 886 3767 ⁴5.
900 3703 952 3771 dh]
976 3706 1097 3755 Horrore
1122 3706 1237 3770 quodam
1261 3704 1354 3755 divino
1378 3705 1449 3754 hanc
1468 3704 1650 3770 pulcherrime

362 3790 467 3854 pictam
486 3789 609 3839 tabulam
628 3791 762 3840 intuentis
780 3791 899 3840 animum
916 3790 1057 3855 perfundit
1075 3791 1311 3854 necyomanticus.
1348 3793 1464 3839 tremore
1477 3790 1650 3856 discindens,

364 3874 519 3922 miserande
538 3874 630 3933 Crete.
666 3876 719 3924 Vix
737 3890 792 3924 uon
815 3874 937 3925 offendor
958 3879 1015 3924 tum
1038 3875 1109 3940 quod
1126 3875 1279 3924 Huttenum
1302 3874 1436 3928 ridentem
1461 3876 1652 3940 potiusquam

363 3958 526 4008 frementem
546 3957 637 4020 tinxit,
662 3964 719 4008 tum
744 3959 814 4024 quod
839 3960 932 4008 stilum
955 3961 1050 4007 statim
1074 3962 1137 4023 post
1155 3961 1183 4008 in
1203 3960 1320 4008 colorem
1340 3959 1513 4009 obscurorum
1532 3963 1651 4012 virorum

363 4041 485 4091 incidere
504 4057 602 4106 passus
621 4048 663 4092 est
681 4048 780 4093 orator.
829 4042 850 4076 ¹⁰
868 4044 1037 4093 chirotecam
1058 4047 1082 4092 1.
1132 4041 1152 4075 ¹²
1169 4044 1248 4094 homo
1266 4045 1335 4094 omis.
1351 4041 1410 4104 ’2.3.
1459 4043 1479 4077 ¹⁵
1498 4047 1559 4110 quis
1578 4051 1653 4096 esset

362 4130 453 4175 status
464 4145 499 4168 =
510 4143 562 4175 aas
580 4129 627 4175 das
642 4127 689 4189 sair
706 4132 746 4176 ein
759 4129 834 4178 Stant
853 4127 973 4188 (Panem,
993 4130 1085 4193 Pomp)
1103 4132 1157 4178 aeia
1175 4146 1239 4193 caup.
1275 4145 1324 4194 pro
1342 4145 1416 4179 more
1436 4145 1496 4194 epp.
1511 4131 1586 4180 abac.
1600 4135 1652 4181 vir.

363 4208 384 4242 ¹⁶
401 4212 484 4260 anim.
497 4208 614 4275 tantum]
639 4213 674 4261 Et
696 4212 756 4261 haee
776 4212 943 4276 ambiguitas
962 4213 996 4260 ad
1015 4212 1190 4263 obscurorum
1209 4215 1327 4264 virorum
1346 4214 1552 4264 vocabularium
1569 4218 1653 4280 perti-

361 4301 422 4359 net:
442 4297 482 4344 ein
500 4312 529 4346 ao
546 4311 649 4359 presses
671 4295 747 4344 Thiar
762 4315 797 4337 =
809 4299 895 4344 tantae
914 4291 1060 4359 dignitatis
1078 4297 1223 4357 hominem.
1277 4296 1297 4330 ¹⁹
1316 4297 1398 4360 queso
1418 4302 1441 4348 1.
1495 4297 1516 4329 ²¹
1534 4304 1653 4363 papatus

361 4381 404 4428 sui
422 4382 447 4428 2.
458 4381 484 4429 3.
530 4378 552 4411 ²⁶
570 4381 646 4428 Esai.
661 4379 682 4428 1.
698 4378 737 4428 15.
751 4380 789 4428 ef.
802 4379 874 4428 th.
888 4377 912 4428 3.
959 4375 981 4407 ²⁸
1000 4377 1097 4443 Gygis]
1117 4381 1160 4429 cf.
1175 4380 1281 4429 Cic.de
1301 4379 1345 4429 off.
1359 4383 1412 4431 111.
1424 4382 1448 4432 9.
1496 4380 1547 4414 ’Μ’
1564 4370 1659 4434 νίτιιίιί
1689 4389 1694 4400 “

361 4460 536 4529 sanguinum]
556 4464 588 4512 In
605 4463 720 4531 psalmis
739 4463 908 4527 frequentior
925 4461 1054 4526 loquendi
1072 4464 1169 4511 forma.
1222 4461 1245 4494 ³⁰
1264 4465 1291 4511 in
1309 4463 1356 4512 lib.
1370 4463 1426 4529 tuo]
1445 4466 1477 4514 In
1490 4468 1559 4531 Epp.
1573 4468 1605 4516 0.
1620 4469 1651 4517 V.

363 4562 422 4611 quaa
441 4546 554 4613 publice
572 4547 744 4611 prodierunt,
769 4547 829 4596 haec
853 4547 969 4611 quaestio
992 4550 1115 4595 tractata
1138 4562 1191 4595 nou
1211 4551 1265 4607 ost,
1290 4546 1393 4596 similia
1412 4555 1503 4598 autem
1523 4552 1653 4600 Erasmus

361 4633 391 4681 in
408 4633 499 4682 Moria
523 4630 558 4694 (ἓ.
578 4633 723 4696 Descriptio
747 4631 931 4693 naonuchumm)
955 4631 1053 4680 habet:
1079 4630 1171 4693 „Quid
1195 4635 1287 4680 autem
1311 4631 1455 4681 iucundius
1479 4648 1558 4697 quam
1582 4634 1653 4698 quod

362 4716 454 4764 omnia
473 4716 582 4764 faciunt
601 4732 634 4764 ex
652 4717 815 4781 praescripto
834 4717 913 4779 quasi
932 4696 1143 4764 mathematicis
1168 4718 1278 4763 utentes
1301 4715 1469 4779 rationibus,
1493 4732 1561 4781 qnae
1583 4733 1652 4782 prae-

361 4800 445 4848 terire
464 4799 605 4863 piaculum
623 4802 674 4849 sit:
695 4805 760 4863 quot
779 4799 863 4848 nodos
881 4799 987 4849 habeat
1005 4799 1131 4861 calceus,
1151 4814 1204 4863 quo
1224 4797 1314 4848 coloro
1333 4799 1444 4864 singula
1462 4803 1561 4863 vestis,
1587 4807 1654 4866 quot

361 4882 567 4932 discriminibus
586 4885 771 4949 astringenda,
798 4890 917 4948 quotque
942 4883 1038 4933 culmis
1062 4883 1149 4933 latum
1173 4885 1326 4949 cingulum,
1352 4902 1405 4951 qun
1428 4880 1522 4951 specio
1541 4891 1570 4935 et
1588 4893 1654 4950 quot

361 4968 511 5018 modiorum
531 4983 620 5033 capax
638 4968 776 5030 cucullus,
801 4973 867 5033 quot
889 4969 986 5034 digitis
1004 4968 1091 5018 latum
1111 4968 1290 5034 cupiditiam,
1316 4977 1382 5034 quot
1399 4970 1587 5021 dormiendum
1605 4972 1652 5022 ho-

361 5055 422 5101 raa''
441 5059 490 5103 ete.
