4367 6084
523 742 596 812 486
617 759 794 808 ADDENDA
807 738 995 835 auronr'l.
1016 755 1212 808 CCLXXXX*.
1223 773 1325 807 russin
1339 773 1375 808 tn
1389 764 1813 807 ron.uncnn.rsr.n.tt.1rn.tatt.

522 951 554 988 er
577 931 655 987 libris
676 931 743 987 meis
766 931 946 1005 profecerint:
977 941 1004 987 et
1027 949 1137 1006 possem
1161 931 1271 987 turbare
1294 932 1422 988 muudum
1444 931 1467 986 si
1498 931 1591 993 velim,
1622 948 1715 986 verum
1737 931 1814 986 eitius

523 1017 624 1073 moriar
647 1034 726 1090 quum
749 1017 799 1072 sim
823 1018 931 1072 luturus
954 1026 1035 1072 autor
1057 1017 1120 1073 novi
1144 1016 1284 1072 tumultus.
1329 1016 1385 1072 lloe
1412 1016 1503 1072 animo
1531 1033 1614 1089 quum
1644 1016 1710 1075 sim.
1741 1023 1814 1070 muto

449 1142 451 1145 ψ
524 1102 644 1175 iniquius
667 1102 750 1157 leserit
772 1102 956 1162 committere,
981 1110 1010 1156 ut
1034 1102 1143 1174 impune
1164 1101 1247 1157 dedar
1269 1100 1431 1175 implacabili
1454 1101 1517 1156 odio
1535 1101 1616 1155 unius
1632 1108 1678 1154 aut
1694 1099 1813 1155 alterius.

524 1186 551 1242 Si
574 1203 677 1242 meeum
701 1194 798 1259 agatur
819 1185 949 1247 civiliter.
980 1185 1094 1241 efficiam
1122 1203 1156 1240 ne
1185 1187 1246 1259 quis
1274 1186 1302 1239 iu
1331 1203 1372 1241 me
1398 1185 1534 1240 desideret
1557 1185 1675 1240 ollieium
1700 1184 1814 1240 hominis

524 1271 678 1326 Christiani.
723 1289 775 1344 ego
797 1287 905 1343 semper
927 1271 1018 1326 studui
1041 1271 1172 1344 prodesse
1195 1270 1336 1332 omnibus.
1370 1287 1458 1343 neque
1486 1270 1628 1343 quisquam
1659 1270 1746 1341 magis
1772 1268 1833 1323 aba

524 1357 619 1411 horret
643 1373 657 1409 a
679 1355 801 1411 dissidio.
846 1355 904 1410 Nou
928 1373 980 1428 ago
1003 1372 1074 1410 nuuc
1096 1373 1204 1410 eausam
1219 1355 1302 1415 N.'B..
1326 1372 1387 1409 unm
1410 1354 1503 1409 nescio
1525 1353 1589 1427 quid
1613 1352 1659 1408 ille
1673 1354 1814 1409 conlassus

525 1441 575 1496 sit:
599 1439 664 1495 illud
688 1441 745 1495 sein
768 1456 822 1494 nou
846 1439 929 1494 luisse
952 1440 1105 1512 Antrerpiae
1129 1439 1213 1495 virum
1237 1439 1359 1494 moribus
1382 1438 1631 1511 incorruptioribus
1658 1446 1687 1493 et
1716 1438 1815 1511 gratio·

526 1542 581 1579 rom
604 1524 721 1585 nivibus.
745 1524 886 1596 magisque
909 1524 1091 1579 necessarium
1115 1523 1271 1597 reipublicae
1287 1524 1312 1578 in
1330 1523 1505 1579 instituendis
1520 1524 1627 1596 pueris;
1650 1540 1700 1578 neo
1715 1524 1748 1579 de
1762 1523 1815 1578 eol·

523 1608 585 1681 lega
608 1608 680 1664 illius
704 1609 871 1681 pronuncio,
895 1625 954 1664 uani
979 1606 1051 1663 illius
1073 1626 1182 1663 rausum
1206 1609 1278 1681 quod
1301 1608 1332 1663 ad
1357 1607 1504 1662 bulborum
1533 1608 1633 1662 attinet
1661 1624 1717 1662 nou
1740 1608 1814 1661 novi:

525 1692 591 1748 illud
615 1694 685 1753 seio,
709 1694 794 1748 virum
817 1692 1013 1765 essexpulebre
1035 1692 1160 1753 doctum,
1188 1692 1334 1748 multarum
1356 1692 1510 1764 linguarum
1534 1692 1665 1766 peritum.
1695 1691 1815 1747 moribus
1826 1703 1846 1741 ιο

525 1778 662 1851 synceris,
693 1776 746 1832 uisi
776 1778 847 1849 quod
876 1785 918 1832 est
946 1777 1046 1849 lingum
1075 1777 1221 1832 liberioris.
1267 1777 1295 1832 ln
1324 1778 1396 1833 lruue
1424 1775 1610 1831 Eemoudauus
1639 1776 1711 1831 baud
1739 1775 1816 1830 dubie

526 1862 623 1917 saevior
645 1862 709 1923 luit.
734 1861 807 1934 quod
829 1861 953 1934 privatim
977 1862 1010 1917 ab
1034 1860 1081 1916 illo
1105 1861 1203 1937 luisset
1224 1862 1316 1917 laesus.
1353 1861 1436 1916 Nemo
1459 1863 1546 1916 nescit
1568 1859 1619 1915 hoo
1634 1877 1717 1932 ngere
1732 1859 1816 1915 llocb·

525 1955 641 2002 stratum
664 1954 690 2001 et
713 1945 928 2007 Ecmondanum.
951 1955 982 2001 ut
1004 1945 1112 2018 linguas
1135 1964 1165 2002 ae
1188 1946 1273 2001 bonas
1296 1945 1390 2001 literas
1412 1946 1585 2017 extinguant.
1615 1953 1643 1999 et
1671 1944 1699 1998 iu
1723 1944 1816 2000 borum

526 2031 698 2104 professores
720 2030 893 2104 potissimum
916 2038 1041 2105 quaerunt
1063 2048 1164 2086 ausam.
1202 2049 1260 2086 mea
1283 2030 1417 2086 sententia
1440 2030 1542 2085 rectius
1565 2029 1694 2090 fecerint,
1718 2030 1740 2083 si
1763 2029 1816 2083 sint

525 2116 648 2171 contenti
670 2133 718 2171 sua
741 2115 866 2175 victoria.
891 2132 940 2171 uec
962 2115 1080 2170 excitent
1102 2115 1130 2169 in
1153 2114 1220 2170 orbe
1242 2115 1335 2189 plures
1359 2114 1519 2187 tragoedias:
1542 2113 1658 2168 muudus
1681 2121 1848 2185 utcunquoo

526 2201 596 2256 leret
623 2201 674 2256 sibi
703 2209 826 2274 ereptum
854 2200 1015 2262 bulherum,
1049 2198 1158 2271 linguas
1186 2217 1217 2255 ae
1244 2199 1330 2254 bonas
1358 2199 1452 2254 literas
1480 2198 1549 2271 eripi
1578 2215 1717 2271 uunquam
1741 2197 1816 2253 leret.

527 2285 578 2339 Sed
602 2284 726 2358 pluribus
749 2283 838 2339 verbis
861 2302 946 2340 onero
969 2283 1196 2356 magnificentiam
1220 2293 1308 2345 tuam.
1334 2301 1413 2357 quam
1436 2284 1517 2338 etiam
1539 2291 1621 2355 atque
1644 2283 1726 2338 etiam
1750 2299 1817 2354 rugo
1866 2344 1869 2350 ⁴

527 2377 557 2424 ut
579 2387 627 2424 sun
650 2369 792 2443 prudentia
816 2386 918 2442 suaque
941 2369 1070 2441 aequitate
1093 2369 1251 2424 moderetur
1272 2367 1388 2424 aliorum
1420 2368 1549 2441 impetus:
1582 2375 1611 2422 et
1638 2367 1660 2422 si
1691 2367 1819 2440 quidest

528 2453 581 2509 tale
604 2453 683 2528 quale
707 2470 801 2509 rumor
822 2454 874 2509 bue
896 2452 1003 2515 attulit,
1027 2470 1081 2509 non
1104 2454 1225 2527 patiatur
1239 2453 1378 2509 Erasmum
1401 2453 1433 2508 de
1457 2450 1582 2507 omuibus
1600 2451 1817 2506 benemerentem

527 2539 590 2594 odio
613 2539 729 2593 duorum
752 2537 890 2593 bominum
913 2536 983 2593 dedi.
1022 2537 1134 2593 dubium
1156 2555 1211 2594 uon
1234 2546 1277 2594 est
1299 2538 1364 2611 quin
1387 2537 1456 2593 idem
1479 2537 1545 2592 velit
1564 2536 1680 2592 Caesaris
1703 2534 1847 2591 clemen-²⁰

527 2623 563 2678 tia
586 2632 614 2679 et
637 2622 734 2678 summi
756 2621 895 2677 Pontificis
917 2622 1004 2696 pietas
1026 2631 1054 2677 et
1081 2621 1206 2696 publicus
1237 2621 1371 2694 bonorum
1398 2618 1519 2678 allectus.
1563 2621 1633 2677 llene
1660 2619 1749 2675 valeat
1775 2627 1818 2675 tua

527 2707 740 2777 magnificentia,
773 2706 812 2760 vir
834 2707 944 2768 eximie,
974 2716 1001 2762 et
1023 2708 1163 2763 Erasmum
1192 2707 1264 2763 iuter
1293 2714 1355 2762 tuos
1376 2706 1490 2763 clientes
1512 2704 1666 2761 asscribito.
1711 2703 1819 2760 basileae

527 2791 615 2864 pridie
637 2792 698 2847 ldus
720 2790 815 2853 lulias,
838 2793 915 2846 Anno
941 2798 1015 2851 1522.

527 2949 729 2962 ———-

594 3067 602 3101 ¹
622 3072 740 3139 possem]
768 3075 856 3125 Recta
880 3075 933 3124 tibi
956 3074 1149 3125 Brunnfelsius
1172 3075 1299 3125 Ieremioe
1319 3074 1399 3136 illud,
1425 3073 1494 3138 quod
1514 3075 1572 3138 ipse
1591 3073 1657 3122 olim
1677 3074 1706 3122 in
1725 3071 1818 3121 Stulti-

527 3153 574 3202 tiae
597 3152 678 3231 laude
698 3159 726 3207 in
745 3176 795 3209 sua
814 3162 955 3226 sapientie
973 3159 1158 3224 gloriantibus
1177 3159 1334 3221 obissemus,
1361 3158 1475 3208 ‘Stultus
1494 3158 1587 3207 faetus
1611 3173 1654 3218 es,
1683 3157 1778 3217 homo,
1804 3172 1819 3204 a

526 3240 654 3290 seientin'
673 3245 805 3295 occinuit.
859 3245 878 3278 ¹¹
897 3247 1014 3295 sinceris
1035 3248 1059 3294 4.
1113 3241 1164 3276 ¹²¹¹
1182 3244 1380 3294 Hoebstratum
1398 3246 1472 3293 Μ.
1531 3241 1553 3274 ¹¹
1571 3240 1740 3292 MDXXII.
1760 3243 1818 3290 Μ.

526 3323 640 3388 Basileon,
663 3326 701 3377 14.
714 3330 787 3392 Iulii,
807 3332 857 3381 Au.
875 3332 945 3382 1522.
974 3333 998 3379 4.
