4367 6084
549 751 748 804 cccxxxlss.
769 768 889 805 oronam
902 768 1006 806 nassas
1019 769 1164 806 anvrasvs
1177 767 1352 805 tervaninse
1365 765 1498 802 nrrrrrn.
1598 733 1637 805 31
1650 734 1674 803 5

373 942 408 984 se
422 925 503 983 ‘mibi
517 932 715 1000 praeponant,
738 918 770 984 ut
786 933 855 985 stent
874 932 954 985 certe
973 928 1140 1000 complures
1161 927 1214 999 qai
1234 924 1267 983 id
1286 939 1339 982 sua
1359 924 1425 981 inre
1440 924 1565 996 possint.
1610 919 1742 980 δι’-9352.

374 1030 442 1086 mili
459 1027 563 1099 fronte
582 1026 662 1099 facit
682 1043 728 1086 nic
756 1030 938 1102 versipellem
959 1030 1141 1126 quempiam,
1168 1028 1267 1086 omnia
1288 1025 1451 1084 simulandi
1471 1040 1517 1113 ue,
1531 1023 1674 1082 dissimo—

375 1121 465 1189 laudi
484 1130 592 1187 mirum
614 1132 767 1202 artificem.
812 1145 901 1204 qaam
930 1146 999 1189 vero
1020 1130 1068 1189 bic
1090 1135 1179 1189 totum
1199 1128 1357 1186 Erasmum
1378 1130 1498 1199 iqaorat
1519 1124 1673 1194 Halteras,

375 1231 518 1291 cuinibil
535 1237 579 1289 est
597 1231 753 1304 difficilius
769 1246 859 1306 mam
880 1232 1022 1290 simnuore
1041 1247 1079 1289 ac
1095 1232 1298 1296 dissimulare:
1319 1230 1389 1301 qaia
1406 1229 1506 1302 potius
1525 1228 1675 1299 inqenium

352 1341 423 1392 sesi
443 1349 535 1406 usque
556 1333 599 1390 ud
618 1334 753 1392 stulticie
776 1335 1018 1408 vilium'simpleoc
1039 1339 1067 1391 et
1082 1338 1232 1407 apertum,
1256 1333 1361 1404 linqua
1377 1331 1547 1405 periculose
1567 1328 1672 1399 libera,

377 1442 408 1494 el
431 1434 507 1494 adeo
530 1449 588 1493 non
607 1435 685 1492 solco
702 1433 817 1506 sallem
837 1451 1004 1509 quenquam
1027 1436 1167 1493 simulata
1189 1433 1345 1503 blanditie,
1373 1441 1406 1490 ut
1433 1431 1552 1504 siquid
1572 1429 1673 1502 offen-

377 1537 447 1608 dat,
474 1536 570 1594 oratio
596 1538 726 1594 severior
753 1537 803 1606 sit,
831 1552 919 1609 quam
945 1537 1070 1595 animus.
1115 1536 1188 1594 ‘Non
1212 1534 1315 1607 sulles’
1343 1535 1439 1607 inquit
1465 1533 1597 1608 ‘postlavo
1618 1538 1744 1589 met-³⁵³.

379 1641 470 1696 ‘voltu
488 1636 556 1696 tuo’.
603 1638 711 1707 Quaeso
730 1653 861 1711 quanam
879 1640 910 1696 ia
928 1654 963 1696 re
977 1636 1123 1696 Hutteaus
1134 1635 1242 1709 'saluts
1262 1644 1306 1696 est
1319 1652 1382 1695 mco
1403 1624 1506 1694 vultu?
1526 1634 1584 1694 Ille
1604 1634 1678 1692 milvi

380 1755 432 1798 suo
449 1741 531 1798 vultu
551 1739 705 1814 imposuit:
729 1755 799 1797 nom
820 1740 906 1814 apud
926 1756 972 1799 me
987 1755 1059 1814 pra
1079 1755 1111 1798 se
1127 1738 1248 1810 serebat
1265 1741 1371 1798 miram
1392 1739 1577 1814 modestiam,
1600 1752 1675 1795 von-

347 1841 492 1900 ¹⁰tinebat
508 1843 620 1914 linquae
635 1843 844 1915 petulantiam.
888 1848 942 1900 aut
958 1843 1050 1914 iqitur
1066 1838 1143 1900 novd
1164 1842 1303 1915 quoedam
1323 1840 1434 1900 accidit
1450 1841 1496 1899 illi
1513 1845 1674 1898 metamor-

375 1942 491 2018 pbosis,
520 1947 573 2000 avt
599 1943 654 2000 illa
682 1947 771 2000 eram
790 1945 908 2016 eqreqie
925 1941 1044 2014 fucata.
1088 1943 1263 2017 dispeream
1282 1945 1311 2002 si
1330 1942 1521 2002 credidissem
1541 1944 1572 2000 in
1593 1944 1746 2000 uni-§.³⁵⁴-

382 2059 467 2102 versa
490 2044 651 2102 Germania
674 2048 786 2101 tontum
806 2060 869 2103 esse
889 2045 1039 2117 vanitatis,
1062 2045 1265 2119 impudentia,
1287 2046 1479 2116 incivilitatis,
1502 2045 1676 2114 virulentia,

381 2152 523 2220 quantum
542 2145 592 2204 bic
612 2162 690 2204 unus
709 2145 797 2205 babet
815 2145 939 2205 libellus.
984 2145 1046 2205 Nec
1063 2152 1161 2206 tomen
1180 2161 1217 2205 co
1236 2147 1274 2206 dc
1291 2162 1384 2206 causa
1400 2161 1464 2204 sum
1483 2145 1608 2217 futurus
1624 2146 1680 2203 ulli

384 2249 531 2306 Gumono
555 2248 699 2321 iniquior,
726 2254 779 2306 aut
807 2249 929 2307 minoris
952 2247 1095 2319 faetantes
1116 2264 1255 2323 maceras
1275 2250 1386 2307 amieos
1406 2248 1442 2306 ob
1459 2263 1550 2306 ninum
1572 2248 1673 2306 inimi-

352 2356 450 2408 ¹³eum
477 2349 615 2407 amicum.
660 2348 720 2409 Nec
743 2349 840 2423 piade!
868 2350 951 2408 illum
978 2365 1037 2422 mc,
1067 2351 1098 2408 in
1124 2351 1210 2408 cuius
1228 2352 1346 2426 scriptis
1367 2356 1451 2408 torota
1471 2349 1593 2408 libertus
1613 2355 1663 2420 est,
1676 2355 1744 2405 §.a-⁵⁵.

383 2450 543 2509 identidem
563 2452 720 2525 appellare
742 2451 934 2510 Gaatbonem.
976 2451 1106 2525 proinde
1120 2454 1290 2526 periculum
1310 2457 1367 2522 est,
1390 2468 1427 2510 ne
1446 2453 1498 2525 qvi
1517 2453 1623 2525 leqerit
1643 2453 1674 2508 ia
1710 2518 1713 2523 ,

382 2551 466 2610 libris
486 2553 557 2610 meis
571 2556 611 2610 tot
623 2552 731 2611 laudes
745 2538 872 2611 Hutteno
887 2552 1025 2626 tributas,
1043 2554 1199 2614 cavilletur
1215 2553 1396 2613 Gnatlsomcm
1410 2555 1560 2614 assentari
1576 2551 1676 2610 Tbra-

382 2654 455 2712 soni.
502 2653 596 2725 Coqor
617 2659 646 2712 ct
667 2654 716 2713 bic
737 2655 879 2715 indicium
901 2656 931 2713 in
954 2654 1081 2714 Hutteno
1103 2658 1274 2729 requirere:
1296 2672 1384 2730 quum
1401 2657 1479 2714 caim
1500 2655 1598 2713 videri
1615 2663 1746 2714 ve-ttit·

383 2757 418 2813 lit
440 2756 627 2814 Germanicae
645 2757 752 2828 alariae
771 2756 897 2829 vindex,
926 2773 1072 2831 quumque
1098 2758 1169 2817 libri
1192 2760 1251 2817 mei
1270 2760 1357 2833 pleni
1382 2759 1441 2816 sint
1462 2759 1677 2815 Germanorum

349 2856 540 2929 ulantibus,
562 2872 659 2916 nonne
679 2857 750 2916 dvm
767 2873 814 2917 me
829 2858 911 2930 facit
930 2863 1154 2930 assentatorem,
1176 2875 1298 2931 vanum,
1319 2859 1455 2933 vasnvm,
1476 2862 1576 2932 leven,
1595 2874 1677 2933 paa-

385 2959 442 3016 dus
457 2958 590 3017 donabit
603 2959 736 3018 omnibus
756 2962 817 3019 illis
837 2957 999 3019 laudibus?
1019 2967 1048 3019 et
1068 2967 1166 3019 tamen
1188 2961 1237 3020 bic
1258 2962 1334 3021 adeo
1358 2963 1433 3021 nibil
1450 2978 1508 3035 per
1529 2967 1667 3020 assenta-
1679 2974 1747 3024 §atl-
1833 2986 1837 2993 ·

385 3063 490 3120 tionem
509 3067 554 3120 est
573 3062 700 3132 dictum,
723 3067 754 3119 ut
774 3064 863 3120 etiam
883 3079 935 3123 eas
956 3062 1075 3135 laudes,
1101 3079 1176 3135 quos
1192 3051 1320 3121 Halteno
1340 3063 1444 3140 tribui,
1467 3063 1618 3122 tribuerim
1639 3076 1680 3118 ex

384 3166 501 3221 animo:
527 3163 666 3237 placebat
691 3163 817 3236 indoles,
843 3164 984 3239 placebat
1005 3179 1080 3221 vena
1103 3164 1257 3232 dictionis·
1283 3166 1424 3224 eximium
1445 3165 1589 3238 quiddam
1609 3162 1682 3219 mibi

381 3265 547 3339 pollicebar
567 3280 607 3323 eoa
628 3266 794 3323 accessione
816 3266 919 3336 studii,
942 3281 1012 3323 usus
1031 3271 1061 3322 et
1080 3266 1184 3324 atatis.
1228 3283 1269 3323 aa
1290 3265 1355 3324 idco
1376 3281 1440 3324 sum
1462 3270 1635 3335 assentator,
1653 3265 1682 3321 si

352 3375 377 3415 ²⁵
388 3368 439 3424 ille
450 3365 577 3439 fefellit,
597 3382 654 3426 aon
670 3382 715 3425 me
730 3367 828 3438 modo,
845 3367 1048 3441 verumetiam
1065 3380 1164 3424 omnes
1178 3368 1282 3440 quibus
1297 3370 1380 3426 illum
1395 3358 1588 3442 predicavi?
1608 3362 1671 3421 Sed
1680 3378 1747 3430 sno.

386 3469 524 3527 blandior
545 3484 609 3526 sum
637 3468 707 3527 dum
734 3467 831 3528 scribo
850 3468 1050 3541 principibvs.
1095 3482 1196 3526 vermo
1217 3471 1334 3528 interim
1362 3454 1679 3546 παρρησιαζόμενος,

386 3568 501 3628 abires
514 3571 665 3644 postulat:
687 3572 826 3629 nimirum
847 3572 890 3629 sic
910 3568 1032 3644 expedit
1054 3572 1183 3628 tractari
1201 3573 1310 3644 leones,
1335 3577 1365 3629 et
1383 3570 1493 3629 divina
1510 3569 1606 3628 literae
1624 3566 1681 3624 do-

386 3676 454 3730 cent
465 3671 655 3746 principibus
676 3671 778 3730 deberi
796 3673 1010 3730 renuentium:
1032 3672 1082 3730 nbi
1100 3689 1169 3732 vero
1189 3675 1232 3733 sic
1253 3672 1405 3746 blandior,
1426 3679 1459 3730 ut
1475 3671 1605 3747 prodam
1628 3686 1681 3728 ve-

386 3768 528 3831 ritatem?
553 3771 619 3831 Utri
633 3789 700 3832 vero
714 3776 810 3846 maqis
826 3771 1026 3847 manserunt,
1048 3790 1103 3847 eqo
1123 3775 1273 3847 blandior,
1298 3792 1338 3833 an
1354 3775 1475 3849 qnidam
1495 3776 1538 3833 tvd
1556 3772 1668 3831 rabiem
1680 3791 1749 3842 usse.

353 3883 480 3947 avusque
500 3871 662 3933 maledici?
682 3874 749 3933 Iam
770 3878 884 3949 reqinoe
905 3850 934 3936 et
956 3893 1054 3950 repes,
1077 3879 1131 3951 qui
1149 3879 1225 3938 nibil
1244 3884 1313 3937 arcte
1334 3878 1394 3937 bac
1413 3878 1549 3951 tepebant
1565 3882 1681 3951 prater

384 3975 541 4047 fabulosas
562 3976 716 4046 historias,
738 3977 846 4036 babent
866 3981 1050 4052 evanqelium
1073 3980 1102 4037 m
1120 3980 1267 4052 manibus,
1289 3982 1425 4039 evolvunt
1445 3996 1551 4040 sacras
1566 3980 1678 4049 literas,

384 4077 520 4151 quttdeat
538 4078 656 4151 aliquid
682 4078 798 4137 discere
819 4080 857 4137 dc
878 4083 1023 4155 mysteriis
1040 4082 1238 4157 philosophice
1259 4083 1444 4142 Christianae.
1488 4086 1595 4141 narret
1613 4097 1749 4151 no-§.ssu

387 4178 430 4237 bis
452 4178 598 4238 Huttenus
619 4195 759 4253 quorsum
779 4180 931 4255 profuerit
954 4185 1046 4257 ipsius
1073 4184 1297 4244 maledicentia:
1325 4192 1427 4244 sarscte
1452 4184 1605 4244 blanditur
1631 4185 1684 4257 qui

388 4282 418 4338 in
440 4280 497 4339 boc
517 4280 671 4339 blanditur
690 4287 724 4339 ut
737 4284 835 4354 prosit
853 4285 956 4356 alteri,
987 4286 1137 4343 nonsibi:
1162 4287 1264 4359 siquid
1283 4287 1424 4345 ambirem
1446 4302 1466 4343 a
1482 4286 1681 4361 principibus,

355 4387 484 4456 ssposset
503 4397 566 4441 esse
586 4389 722 4459 suspecta
743 4399 809 4442 mea
830 4384 1004 4454 blandities·
1031 4402 1112 4444 nune
1133 4387 1209 4444 nibil
1229 4387 1339 4459 ambio,
1366 4392 1420 4445 aut
1436 4389 1464 4445 si
1482 4389 1557 4461 quid
1576 4386 1681 4457 ambio,

455 4566 467 4599 ²
485 4567 522 4617 ei.
538 4585 562 4617 e.
577 4584 617 4634 gr.
630 4569 743 4633 Expost.
757 4569 796 4630 ἕξ.
810 4566 869 4617 229.
883 4583 923 4632 sq.
976 4567 986 4600 ⁸
1006 4568 1125 4634 ignorat]
1145 4570 1177 4619 ln
1196 4574 1303 4623 tantum
1323 4575 1468 4635 cognorat,
1488 4574 1520 4618 ut
1537 4571 1682 4619 Erasmica

387 4652 537 4703 simulandi
561 4653 808 4718 dissimulandique
832 4668 877 4702 urs
901 4654 984 4701 etiam
1009 4654 1081 4717 apud
1106 4655 1276 4703 recentiores
1299 4655 1379 4718 quasi
1402 4655 1430 4703 in
1460 4655 1606 4719 proverbio
1635 4655 1681 4703 sit.

386 4738 476 4787 7Νοῐι
495 4734 566 4801 salt]
594 4738 630 4786 et.
644 4739 756 4804 Expost.
775 4739 798 4799 §-
812 4736 870 4799 231.
890 4737 924 4786 de
944 4737 1038 4787 ‘vultu’
1062 4743 1155 4787 erstem
1177 4737 1247 4786 nihil
1272 4739 1344 4800 aprrd
1361 4740 1528 4799 Huttenunr:
1551 4740 1682 4789 Erasmus

387 4839 448 4872 cum
468 4836 517 4870 sno
536 4822 624 4885 ipsius
648 4823 793 4887 phasmate
813 4827 926 4887 pugnat.
981 4820 999 4854 ¹¹
1020 4818 1124 4886 fucata]
1145 4822 1181 4872 ei.
1195 4811 1308 4888 Expost.
1322 4825 1346 4883 §-
1360 4821 1401 4871 38.
1456 4823 1477 4855 ¹⁸
1496 4821 1608 4888 appuli]
1628 4825 1681 4873 Er·

386 4911 459 4972 post.
472 4908 510 4967 ἓξ.
528 4905 583 4954 170.
597 4905 656 4955 229.
710 4904 761 4938 ’ΜΘ
775 4906 937 4961 thrasonis,
957 4905 1101 4956 insolentis
1116 4921 1148 4954 ac
1162 4907 1276 4972 gloriosi
1287 4907 1384 4956 militis
1403 4905 1458 4972 (ap.
1472 4909 1584 4957 Terent.
1598 4908 1682 4971 Eun.)

386 5006 488 5041 nomen
505 4992 636 5041 Erasmus
661 4996 758 5055 postea
777 4990 972 5056 Eppendorsfio
992 4991 1113 5040 tribuere
1132 4991 1230 5042 solitus
1250 4997 1301 5043 est.
1371 4988 1394 5022 ²⁸
1411 4990 1507 5058 naqa]
1530 4991 1619 5044 libera
1642 4993 1681 5045 lo-

386 5089 483 5142 quens.
