<?xml version="1.0" encoding="UTF-8"?>
<!DOCTYPE html PUBLIC "-//W3C//DTD XHTML 1.0 Transitional//EN"
    "http://www.w3.org/TR/xhtml1/DTD/xhtml1-transitional.dtd">
<html xmlns="http://www.w3.org/1999/xhtml" xml:lang="en" lang="en">
 <head>
  <title>
</title>
<meta http-equiv="Content-Type" content="text/html;charset=utf-8" />
  <meta name='ocr-system' content='tesseract 3.04.00' />
  <meta name='ocr-capabilities' content='ocr_page ocr_carea ocr_par ocr_line ocrx_word'/>
</head>
<body>
  <div class='ocr_page' id='page_1' title='image "./ulrichihuttenie02huttgoog_0177.png"; bbox 0 0 4367 6084; ppageno 0'>
   <div class='ocr_carea' id='block_1_1' title="bbox 520 722 1647 810">
    <p class='ocr_par' dir='ltr' id='par_1_1' title="bbox 520 722 1647 810">
     <span class='ocr_line' id='line_1_1' title="bbox 520 722 1647 810; baseline -0.006 -16"><span class='ocrx_word' id='word_1_1' title='bbox 520 722 592 793; x_wconf 81' lang='lat'><strong>166</strong></span> <span class='ocrx_word' id='word_1_2' title='bbox 681 738 813 788; x_wconf 73' lang='lat' dir='ltr'><strong>centul.</strong></span> <span class='ocrx_word' id='word_1_3' title='bbox 829 752 931 787; x_wconf 73' lang='lat' dir='ltr'><strong>enisio</strong></span> <span class='ocrx_word' id='word_1_4' title='bbox 946 753 1008 787; x_wconf 78' lang='lat' dir='ltr'><strong>nor.</strong></span> <span class='ocrx_word' id='word_1_5' title='bbox 1023 752 1059 786; x_wconf 81' lang='lat' dir='ltr'><strong>ao</strong></span> <span class='ocrx_word' id='word_1_6' title='bbox 1073 742 1188 787; x_wconf 73' lang='lat' dir='ltr'><strong>uancvu</strong></span> <span class='ocrx_word' id='word_1_7' title='bbox 1203 751 1352 810; x_wconf 72' lang='lat' dir='ltr'><strong>Lavnluvtt</strong></span> <span class='ocrx_word' id='word_1_8' title='bbox 1362 752 1402 785; x_wconf 82' lang='lat' dir='ltr'><strong>se.</strong></span> <span class='ocrx_word' id='word_1_9' title='bbox 1417 752 1443 786; x_wconf 84' lang='lat' dir='ltr'><strong>n.</strong></span> <span class='ocrx_word' id='word_1_10' title='bbox 1459 745 1478 786; x_wconf 92' lang='lat' dir='ltr'><strong>l.</strong></span> <span class='ocrx_word' id='word_1_11' title='bbox 1492 752 1573 787; x_wconf 79' lang='lat' dir='ltr'><strong>rena.</strong></span> <span class='ocrx_word' id='word_1_12' title='bbox 1588 743 1647 787; x_wconf 76' lang='lat' dir='ltr'><strong>tata.</strong></span> 
     </span>
    </p>
   </div>
   <div class='ocr_carea' id='block_1_2' title="bbox 438 910 1885 4615">
    <p class='ocr_par' dir='ltr' id='par_1_2' title="bbox 438 910 1885 4615">
     <span class='ocr_line' id='line_1_2' title="bbox 518 910 1819 986; baseline -0.002 -18"><span class='ocrx_word' id='word_1_13' title='bbox 518 931 550 968; x_wconf 92' lang='lat' dir='ltr'><strong>co</strong></span> <span class='ocrx_word' id='word_1_14' title='bbox 575 912 632 968; x_wconf 90' lang='lat' dir='ltr'><strong>lacu</strong></span> <span class='ocrx_word' id='word_1_15' title='bbox 656 912 756 986; x_wconf 89' lang='lat' dir='ltr'><strong>piscem</strong></span> <span class='ocrx_word' id='word_1_16' title='bbox 781 912 1037 983; x_wconf 76' lang='lat' dir='ltr'><strong>ingentem—quam</strong></span> <span class='ocrx_word' id='word_1_17' title='bbox 1062 918 1174 966; x_wconf 86' lang='lat' dir='ltr'><strong>truttam</strong></span> <span class='ocrx_word' id='word_1_18' title='bbox 1196 911 1315 984; x_wconf 87' lang='lat' dir='ltr'><strong>appellat</strong></span> <span class='ocrx_word' id='word_1_19' title='bbox 1337 910 1448 984; x_wconf 78' lang='lat' dir='ltr'><strong>uulgus,</strong></span> <span class='ocrx_word' id='word_1_20' title='bbox 1478 928 1575 966; x_wconf 79' lang='lat' dir='ltr'><strong>arrianus</strong></span> <span class='ocrx_word' id='word_1_21' title='bbox 1605 927 1668 980; x_wconf 81' lang='lat' dir='ltr'><strong>rege</strong></span> <span class='ocrx_word' id='word_1_22' title='bbox 1691 911 1819 982; x_wconf 81' lang='lat' dir='ltr'><strong>dignum.</strong></span> 
     </span>
     <span class='ocr_line' id='line_1_3' title="bbox 519 995 1820 1070; baseline 0 -20"><span class='ocrx_word' id='word_1_23' title='bbox 519 999 541 1052; x_wconf 91' lang='lat' dir='ltr'><strong>si</strong></span> <span class='ocrx_word' id='word_1_24' title='bbox 565 998 635 1070; x_wconf 89' lang='lat' dir='ltr'><strong>apud</strong></span> <span class='ocrx_word' id='word_1_25' title='bbox 659 1015 710 1051; x_wconf 79' lang='lat' dir='ltr'><strong>rios</strong></span> <span class='ocrx_word' id='word_1_26' title='bbox 731 996 824 1050; x_wconf 76' lang='lat' dir='ltr'><strong>tlauuu</strong></span> <span class='ocrx_word' id='word_1_27' title='bbox 848 996 952 1051; x_wconf 88' lang='lat' dir='ltr'><strong>luisset.</strong></span> <span class='ocrx_word' id='word_1_28' title='bbox 998 996 1108 1051; x_wconf 79' lang='lat' dir='ltr'><strong>Rhenus</strong></span> <span class='ocrx_word' id='word_1_29' title='bbox 1132 996 1227 1050; x_wconf 86' lang='lat' dir='ltr'><strong>relicto</strong></span> <span class='ocrx_word' id='word_1_30' title='bbox 1250 996 1281 1050; x_wconf 93' lang='lat' dir='ltr'><strong>ad</strong></span> <span class='ocrx_word' id='word_1_31' title='bbox 1304 997 1425 1051; x_wconf 87' lang='lat' dir='ltr'><strong>dextram</strong></span> <span class='ocrx_word' id='word_1_32' title='bbox 1449 995 1522 1056; x_wconf 88' lang='lat' dir='ltr'><strong>lacu.</strong></span> <span class='ocrx_word' id='word_1_33' title='bbox 1546 995 1684 1069; x_wconf 91' lang='lat' dir='ltr'><strong>paululum</strong></span> <span class='ocrx_word' id='word_1_34' title='bbox 1702 1005 1820 1068; x_wconf 78' lang='lat' dir='ltr'><strong>praetcr-</strong></span> 
     </span>
     <span class='ocr_line' id='line_1_4' title="bbox 519 1072 1820 1155; baseline -0.002 -19"><span class='ocrx_word' id='word_1_35' title='bbox 519 1082 612 1155; x_wconf 89' lang='lat' dir='ltr'><strong>lapsus</strong></span> <span class='ocrx_word' id='word_1_36' title='bbox 635 1080 728 1137; x_wconf 88' lang='lat' dir='ltr'><strong>urbem</strong></span> <span class='ocrx_word' id='word_1_37' title='bbox 752 1081 936 1136; x_wconf 68' lang='lat' dir='ltr'><strong>Constantiam</strong></span> <span class='ocrx_word' id='word_1_38' title='bbox 964 1080 1047 1135; x_wconf 84' lang='lat' dir='ltr'><strong>veluti</strong></span> <span class='ocrx_word' id='word_1_39' title='bbox 1077 1080 1173 1135; x_wconf 88' lang='lat' dir='ltr'><strong>ludens</strong></span> <span class='ocrx_word' id='word_1_40' title='bbox 1201 1099 1231 1135; x_wconf 90' lang='lat' dir='ltr'><strong>ae</strong></span> <span class='ocrx_word' id='word_1_41' title='bbox 1254 1079 1394 1136; x_wconf 78' lang='lat' dir='ltr'>lasciviens</span> <span class='ocrx_word' id='word_1_42' title='bbox 1418 1081 1534 1134; x_wconf 90' lang='lat' dir='ltr'><strong>insulam</strong></span> <span class='ocrx_word' id='word_1_43' title='bbox 1557 1072 1635 1141; x_wconf 80' lang='lat' dir='ltr'><strong>iacit,</strong></span> <span class='ocrx_word' id='word_1_44' title='bbox 1656 1097 1747 1152; x_wconf 81' lang='lat' dir='ltr'><strong>&#39;quam</strong></span> <span class='ocrx_word' id='word_1_45' title='bbox 1773 1099 1820 1135; x_wconf 90' lang='lat' dir='ltr'><strong>oc·</strong></span> 
     </span>
     <span class='ocr_line' id='line_1_5' title="bbox 518 1153 1819 1239; baseline -0.004 -17"><span class='ocrx_word' id='word_1_46' title='bbox 518 1174 600 1239; x_wconf 90' lang='lat' dir='ltr'><strong>cupat</strong></span> <span class='ocrx_word' id='word_1_47' title='bbox 624 1166 730 1237; x_wconf 75' lang='lat' dir='ltr'><strong>insigne</strong></span> <span class='ocrx_word' id='word_1_48' title='bbox 753 1166 947 1221; x_wconf 77' lang='lat' dir='ltr'><strong>nrrruasterium</strong></span> <span class='ocrx_word' id='word_1_49' title='bbox 971 1164 1119 1236; x_wconf 83' lang='lat' dir='ltr'><strong>virgiuum,</strong></span> <span class='ocrx_word' id='word_1_50' title='bbox 1152 1183 1181 1219; x_wconf 92' lang='lat' dir='ltr'><strong>ac</strong></span> <span class='ocrx_word' id='word_1_51' title='bbox 1212 1183 1272 1220; x_wconf 79' lang='lat' dir='ltr'><strong>mm</strong></span> <span class='ocrx_word' id='word_1_52' title='bbox 1300 1166 1328 1220; x_wconf 93' lang='lat' dir='ltr'><strong>iu</strong></span> <span class='ocrx_word' id='word_1_53' title='bbox 1351 1153 1526 1220; x_wconf 63' lang='lat' dir='ltr'><strong>sese&#39;coieus</strong></span> <span class='ocrx_word' id='word_1_54' title='bbox 1549 1165 1635 1221; x_wconf 89' lang='lat' dir='ltr'><strong>lacum</strong></span> <span class='ocrx_word' id='word_1_55' title='bbox 1657 1166 1743 1220; x_wconf 75' lang='lat' dir='ltr'><strong>elficit</strong></span> <span class='ocrx_word' id='word_1_56' title='bbox 1768 1165 1819 1218; x_wconf 92' lang='lat' dir='ltr'><strong>mi·</strong></span> 
     </span>
     <span class='ocr_line' id='line_1_6' title="bbox 483 1248 1846 1323; baseline -0.001 -17"><span class='ocrx_word' id='word_1_57' title='bbox 483 1291 486 1297; x_wconf 78' lang='lat'><strong>·</strong></span> <span class='ocrx_word' id='word_1_58' title='bbox 520 1269 628 1312; x_wconf 75' lang='lat' dir='ltr'><strong>nerent,</strong></span> <span class='ocrx_word' id='word_1_59' title='bbox 660 1268 753 1323; x_wconf 51' lang='lat' dir='ltr'><strong>quem¹</strong></span> <span class='ocrx_word' id='word_1_60' title='bbox 771 1251 904 1305; x_wconf 88' lang='lat' dir='ltr'><strong>incertum</strong></span> <span class='ocrx_word' id='word_1_61' title='bbox 934 1250 1109 1323; x_wconf 90' lang='lat' dir='ltr'><strong>quamobrem</strong></span> <span class='ocrx_word' id='word_1_62' title='bbox 1140 1250 1269 1304; x_wconf 88' lang='lat' dir='ltr'><strong>Venelum</strong></span> <span class='ocrx_word' id='word_1_63' title='bbox 1299 1248 1445 1323; x_wconf 88' lang='lat' dir='ltr'><strong>appellant.</strong></span> <span class='ocrx_word' id='word_1_64' title='bbox 1491 1249 1524 1304; x_wconf 94' lang='lat' dir='ltr'><strong>ab</strong></span> <span class='ocrx_word' id='word_1_65' title='bbox 1553 1250 1604 1306; x_wconf 93' lang='lat' dir='ltr'><strong>hoc</strong></span> <span class='ocrx_word' id='word_1_66' title='bbox 1635 1251 1709 1304; x_wconf 90' lang='lat' dir='ltr'><strong>iusto</strong></span> <span class='ocrx_word' id='word_1_67' title='bbox 1738 1249 1846 1304; x_wconf 64' lang='lat' dir='ltr'><strong>alveos</strong></span> 
     </span>
     <span class='ocr_line' id='line_1_7' title="bbox 438 1329 1819 1407; baseline -0.001 -18"><span class='ocrx_word' id='word_1_68' title='bbox 438 1346 443 1351; x_wconf 87' lang='grc'><strong><em>·</em></strong></span> <span class='ocrx_word' id='word_1_69' title='bbox 520 1334 637 1390; x_wconf 76' lang='lat' dir='ltr'><strong>volvitur</strong></span> <span class='ocrx_word' id='word_1_70' title='bbox 671 1336 823 1407; x_wconf 72' lang='lat' dir='ltr'><strong>plerunque</strong></span> <span class='ocrx_word' id='word_1_71' title='bbox 852 1335 1021 1395; x_wconf 87' lang='lat' dir='ltr'><strong>vorticosus,</strong></span> <span class='ocrx_word' id='word_1_72' title='bbox 1050 1329 1103 1390; x_wconf 83' lang='lat' dir='ltr'><strong>&#39;sed</strong></span> <span class='ocrx_word' id='word_1_73' title='bbox 1138 1343 1275 1407; x_wconf 90' lang='lat' dir='ltr'><strong>utcunque</strong></span> <span class='ocrx_word' id='word_1_74' title='bbox 1308 1334 1468 1406; x_wconf 83' lang='lat' dir='ltr'><strong>navigabilis</strong></span> <span class='ocrx_word' id='word_1_75' title='bbox 1498 1351 1584 1407; x_wconf 88' lang='lat' dir='ltr'><strong>usque</strong></span> <span class='ocrx_word' id='word_1_76' title='bbox 1613 1335 1645 1389; x_wconf 91' lang='lat' dir='ltr'><strong>ad</strong></span> <span class='ocrx_word' id='word_1_77' title='bbox 1675 1334 1819 1407; x_wconf 88' lang='lat' dir='ltr'><strong>oppidum,</strong></span> 
     </span>
     <span class='ocr_line' id='line_1_8' title="bbox 521 1413 1820 1492; baseline -0.002 -17"><span class='ocrx_word' id='word_1_78' title='bbox 521 1419 584 1475; x_wconf 93' lang='lat' dir='ltr'><strong>olim</strong></span> <span class='ocrx_word' id='word_1_79' title='bbox 607 1419 744 1474; x_wconf 80' lang='lat' dir='ltr'><strong>Carrreram</strong></span> <span class='ocrx_word' id='word_1_80' title='bbox 760 1419 941 1492; x_wconf 86' lang='lat' dir='ltr'><strong>imperialem,</strong></span> <span class='ocrx_word' id='word_1_81' title='bbox 965 1413 1074 1474; x_wconf 82' lang='lat' dir='ltr'><strong>nomine</strong></span> <span class='ocrx_word' id='word_1_82' title='bbox 1091 1419 1294 1480; x_wconf 78' lang='lat' dir='ltr'><strong>Sobillbusiam</strong></span> <span class='ocrx_word' id='word_1_83' title='bbox 1319 1419 1354 1474; x_wconf 94' lang='lat' dir='ltr'><strong>ob</strong></span> <span class='ocrx_word' id='word_1_84' title='bbox 1371 1419 1526 1480; x_wconf 87' lang='lat' dir='ltr'><strong>traiectum.</strong></span> <span class='ocrx_word' id='word_1_85' title='bbox 1550 1419 1715 1492; x_wconf 77' lang='lat' dir='ltr'><strong>mopinot,</strong></span> <span class='ocrx_word' id='word_1_86' title='bbox 1739 1419 1820 1491; x_wconf 84' lang='lat' dir='ltr'><strong>prius</strong></span> 
     </span>
     <span class='ocr_line' id='line_1_9' title="bbox 521 1503 1821 1578; baseline 0 -20"><span class='ocrx_word' id='word_1_87' title='bbox 521 1523 601 1578; x_wconf 75' lang='lat' dir='ltr'><strong>spiram</strong></span> <span class='ocrx_word' id='word_1_88' title='bbox 625 1504 680 1559; x_wconf 90' lang='lat' dir='ltr'><strong>illic</strong></span> <span class='ocrx_word' id='word_1_89' title='bbox 703 1521 772 1577; x_wconf 92' lang='lat' dir='ltr'><strong>pons</strong></span> <span class='ocrx_word' id='word_1_90' title='bbox 795 1512 880 1566; x_wconf 81' lang='lat' dir='ltr'><strong>esset:</strong></span> <span class='ocrx_word' id='word_1_91' title='bbox 904 1522 965 1559; x_wconf 90' lang='lat' dir='ltr'><strong>uam</strong></span> <span class='ocrx_word' id='word_1_92' title='bbox 988 1504 1057 1559; x_wconf 92' lang='lat' dir='ltr'><strong>band</strong></span> <span class='ocrx_word' id='word_1_93' title='bbox 1082 1503 1177 1577; x_wconf 89' lang='lat' dir='ltr'><strong>procul</strong></span> <span class='ocrx_word' id='word_1_94' title='bbox 1201 1504 1262 1559; x_wconf 92' lang='lat' dir='ltr'><strong>inde</strong></span> <span class='ocrx_word' id='word_1_95' title='bbox 1285 1513 1350 1558; x_wconf 86' lang='lat' dir='ltr'><strong>surrt</strong></span> <span class='ocrx_word' id='word_1_96' title='bbox 1370 1512 1525 1564; x_wconf 81' lang='lat' dir='ltr'><strong>cataractae,</strong></span> <span class='ocrx_word' id='word_1_97' title='bbox 1549 1522 1598 1576; x_wconf 88' lang='lat' dir='ltr'><strong>per</strong></span> <span class='ocrx_word' id='word_1_98' title='bbox 1618 1521 1685 1576; x_wconf 90' lang='lat' dir='ltr'><strong>quas</strong></span> <span class='ocrx_word' id='word_1_99' title='bbox 1701 1520 1730 1558; x_wconf 88' lang='lat' dir='ltr'><strong>se</strong></span> <span class='ocrx_word' id='word_1_100' title='bbox 1746 1520 1821 1576; x_wconf 79' lang='lat' dir='ltr'><strong>prae·</strong></span> 
     </span>
     <span class='ocr_line' id='line_1_10' title="bbox 521 1588 1883 1663; baseline -0.002 -19"><span class='ocrx_word' id='word_1_101' title='bbox 521 1590 616 1663; x_wconf 87' lang='lat' dir='ltr'><strong>cipitat</strong></span> <span class='ocrx_word' id='word_1_102' title='bbox 638 1605 737 1660; x_wconf 90' lang='lat' dir='ltr'><strong>magno</strong></span> <span class='ocrx_word' id='word_1_103' title='bbox 761 1589 869 1660; x_wconf 76' lang='lat' dir='ltr'><strong>luitgero</strong></span> <span class='ocrx_word' id='word_1_104' title='bbox 893 1589 1015 1649; x_wconf 88' lang='lat' dir='ltr'><strong>llhenus,</strong></span> <span class='ocrx_word' id='word_1_105' title='bbox 1049 1606 1203 1661; x_wconf 77' lang='lat' dir='ltr'><strong>quanquam</strong></span> <span class='ocrx_word' id='word_1_106' title='bbox 1232 1597 1259 1642; x_wconf 90' lang='lat' dir='ltr'><strong>et</strong></span> <span class='ocrx_word' id='word_1_107' title='bbox 1287 1588 1353 1642; x_wconf 91' lang='lat' dir='ltr'><strong>alias</strong></span> <span class='ocrx_word' id='word_1_108' title='bbox 1382 1589 1540 1660; x_wconf 80' lang='lat' dir='ltr'><strong>frequenter</strong></span> <span class='ocrx_word' id='word_1_109' title='bbox 1565 1588 1708 1643; x_wconf 74' lang='lat' dir='ltr'><strong>cataractis</strong></span> <span class='ocrx_word' id='word_1_110' title='bbox 1732 1588 1820 1642; x_wconf 90' lang='lat' dir='ltr'><strong>inter·</strong></span> <span class='ocrx_word' id='word_1_111' title='bbox 1875 1627 1883 1635; x_wconf 89' lang='lat'><em>.</em></span> 
     </span>
     <span class='ocr_line' id='line_1_11' title="bbox 452 1672 1858 1747; baseline -0.009 -14"><span class='ocrx_word' id='word_1_112' title='bbox 452 1674 594 1741; x_wconf 73' lang='lat' dir='ltr'><strong>§.ascisus</strong></span> <span class='ocrx_word' id='word_1_113' title='bbox 617 1682 643 1729; x_wconf 91' lang='lat' dir='ltr'><strong>et</strong></span> <span class='ocrx_word' id='word_1_114' title='bbox 667 1674 737 1728; x_wconf 81' lang='lat' dir='ltr'><strong>saxis</strong></span> <span class='ocrx_word' id='word_1_115' title='bbox 760 1673 906 1747; x_wconf 89' lang='lat' dir='ltr'><strong>impeditus</strong></span> <span class='ocrx_word' id='word_1_116' title='bbox 928 1691 1023 1747; x_wconf 80' lang='lat' dir='ltr'><strong>pruritur</strong></span> <span class='ocrx_word' id='word_1_117' title='bbox 1046 1681 1126 1746; x_wconf 91' lang='lat' dir='ltr'><strong>aptus</strong></span> <span class='ocrx_word' id='word_1_118' title='bbox 1149 1682 1191 1728; x_wconf 90' lang='lat' dir='ltr'><strong>est</strong></span> <span class='ocrx_word' id='word_1_119' title='bbox 1214 1673 1327 1744; x_wconf 86' lang='lat' dir='ltr'><strong>navigiis</strong></span> <span class='ocrx_word' id='word_1_120' title='bbox 1351 1689 1437 1745; x_wconf 89' lang='lat' dir='ltr'><strong>usque</strong></span> <span class='ocrx_word' id='word_1_121' title='bbox 1459 1673 1491 1726; x_wconf 92' lang='lat' dir='ltr'><strong>ad</strong></span> <span class='ocrx_word' id='word_1_122' title='bbox 1514 1673 1653 1727; x_wconf 81' lang='lat' dir='ltr'><strong>basileam.</strong></span> <span class='ocrx_word' id='word_1_123' title='bbox 1698 1672 1750 1726; x_wconf 82' lang='lat' dir='ltr'><strong>Sed</strong></span> <span class='ocrx_word' id='word_1_124' title='bbox 1778 1672 1858 1727; x_wconf 77' lang='lat' dir='ltr'><strong>imm</strong></span> 
     </span>
     <span class='ocr_line' id='line_1_12' title="bbox 522 1756 1820 1831; baseline -0.001 -18"><span class='ocrx_word' id='word_1_125' title='bbox 522 1759 600 1814; x_wconf 88' lang='lat' dir='ltr'><strong>terim</strong></span> <span class='ocrx_word' id='word_1_126' title='bbox 623 1758 809 1813; x_wconf 80' lang='lat' dir='ltr'><strong>Corrstantiam</strong></span> <span class='ocrx_word' id='word_1_127' title='bbox 832 1766 955 1813; x_wconf 87' lang='lat' dir='ltr'><strong>recurrat</strong></span> <span class='ocrx_word' id='word_1_128' title='bbox 977 1766 1088 1831; x_wconf 89' lang='lat' dir='ltr'><strong>oportet</strong></span> <span class='ocrx_word' id='word_1_129' title='bbox 1111 1757 1246 1818; x_wconf 81' lang='lat' dir='ltr'><strong>narratio,</strong></span> <span class='ocrx_word' id='word_1_130' title='bbox 1281 1776 1342 1830; x_wconf 81' lang='lat' dir='ltr'><strong>quae</strong></span> <span class='ocrx_word' id='word_1_131' title='bbox 1370 1757 1464 1811; x_wconf 87' lang='lat' dir='ltr'><strong>civitas</strong></span> <span class='ocrx_word' id='word_1_132' title='bbox 1495 1756 1568 1811; x_wconf 86' lang='lat' dir='ltr'><strong>nulla</strong></span> <span class='ocrx_word' id='word_1_133' title='bbox 1598 1775 1627 1812; x_wconf 88' lang='lat' dir='ltr'><strong>rc</strong></span> <span class='ocrx_word' id='word_1_134' title='bbox 1649 1774 1820 1829; x_wconf 77' lang='lat' dir='ltr'><strong>magnopere</strong></span> 
     </span>
     <span class='ocr_line' id='line_1_13' title="bbox 520 1839 1821 1916; baseline -0.001 -18"><span class='ocrx_word' id='word_1_135' title='bbox 520 1842 636 1898; x_wconf 88' lang='lat' dir='ltr'><strong>celebris</strong></span> <span class='ocrx_word' id='word_1_136' title='bbox 658 1851 713 1903; x_wconf 87' lang='lat' dir='ltr'><strong>est,</strong></span> <span class='ocrx_word' id='word_1_137' title='bbox 743 1859 823 1915; x_wconf 90' lang='lat' dir='ltr'><strong>quam</strong></span> <span class='ocrx_word' id='word_1_138' title='bbox 846 1843 958 1899; x_wconf 86' lang='lat' dir='ltr'><strong>ccclesia</strong></span> <span class='ocrx_word' id='word_1_139' title='bbox 982 1860 1112 1916; x_wconf 82' lang='lat' dir='ltr'><strong>perquam</strong></span> <span class='ocrx_word' id='word_1_140' title='bbox 1135 1850 1254 1902; x_wconf 83' lang='lat' dir='ltr'><strong>vetusta,</strong></span> <span class='ocrx_word' id='word_1_141' title='bbox 1284 1859 1333 1896; x_wconf 88' lang='lat' dir='ltr'><strong>nec</strong></span> <span class='ocrx_word' id='word_1_142' title='bbox 1357 1839 1518 1913; x_wconf 84' lang='lat' dir='ltr'><strong>ineleganti;</strong></span> <span class='ocrx_word' id='word_1_143' title='bbox 1546 1849 1604 1896; x_wconf 90' lang='lat' dir='ltr'><strong>tum</strong></span> <span class='ocrx_word' id='word_1_144' title='bbox 1632 1842 1736 1913; x_wconf 75' lang='lat' dir='ltr'><strong>synodo</strong></span> <span class='ocrx_word' id='word_1_145' title='bbox 1762 1841 1821 1897; x_wconf 89' lang='lat' dir='ltr'><strong>illic</strong></span> 
     </span>
     <span class='ocr_line' id='line_1_14' title="bbox 522 1924 1821 2003; baseline -0.001 -22"><span class='ocrx_word' id='word_1_146' title='bbox 522 1927 586 1982; x_wconf 91' lang='lat' dir='ltr'><strong>olim</strong></span> <span class='ocrx_word' id='word_1_147' title='bbox 609 1926 715 1988; x_wconf 90' lang='lat' dir='ltr'><strong>habita,</strong></span> <span class='ocrx_word' id='word_1_148' title='bbox 739 1927 905 2003; x_wconf 69' lang='lat' dir='ltr'><strong>praesidente</strong></span> <span class='ocrx_word' id='word_1_149' title='bbox 924 1928 1042 1987; x_wconf 76' lang='lat' dir='ltr'><strong>dusare.</strong></span> <span class='ocrx_word' id='word_1_150' title='bbox 1073 1928 1118 1982; x_wconf 88' lang='lat' dir='ltr'><strong>sed</strong></span> <span class='ocrx_word' id='word_1_151' title='bbox 1142 1927 1279 1999; x_wconf 69' lang='lat' dir='ltr'><strong>praecipue</strong></span> <span class='ocrx_word' id='word_1_152' title='bbox 1302 1927 1400 1982; x_wconf 89' lang='lat' dir='ltr'><strong>loanue</strong></span> <span class='ocrx_word' id='word_1_153' title='bbox 1422 1926 1477 1980; x_wconf 89' lang='lat' dir='ltr'><strong>Hus</strong></span> <span class='ocrx_word' id='word_1_154' title='bbox 1502 1924 1557 1981; x_wconf 89' lang='lat' dir='ltr'><strong>illic</strong></span> <span class='ocrx_word' id='word_1_155' title='bbox 1579 1935 1684 1981; x_wconf 79' lang='lat' dir='ltr'><strong>exusto.</strong></span> <span class='ocrx_word' id='word_1_156' title='bbox 1728 1926 1821 1980; x_wconf 79' lang='lat' dir='ltr'><strong>llissi·</strong></span> 
     </span>
     <span class='ocr_line' id='line_1_15' title="bbox 522 2009 1820 2084; baseline -0.002 -17"><span class='ocrx_word' id='word_1_157' title='bbox 522 2012 648 2067; x_wconf 84' lang='lat' dir='ltr'><strong>labantur</strong></span> <span class='ocrx_word' id='word_1_158' title='bbox 671 2011 789 2084; x_wconf 90' lang='lat' dir='ltr'><strong>undique</strong></span> <span class='ocrx_word' id='word_1_159' title='bbox 813 2013 903 2074; x_wconf 84' lang='lat' dir='ltr'><strong>xenia,</strong></span> <span class='ocrx_word' id='word_1_160' title='bbox 926 2030 940 2067; x_wconf 91' lang='lat' dir='ltr'><strong>e</strong></span> <span class='ocrx_word' id='word_1_161' title='bbox 964 2011 1031 2067; x_wconf 88' lang='lat' dir='ltr'><strong>loeis</strong></span> <span class='ocrx_word' id='word_1_162' title='bbox 1053 2012 1134 2066; x_wconf 83' lang='lat' dir='ltr'><strong>etiam</strong></span> <span class='ocrx_word' id='word_1_163' title='bbox 1157 2010 1250 2084; x_wconf 84' lang='lat' dir='ltr'><strong>procul</strong></span> <span class='ocrx_word' id='word_1_164' title='bbox 1274 2010 1393 2066; x_wconf 85' lang='lat' dir='ltr'><strong>dissitis:</strong></span> <span class='ocrx_word' id='word_1_165' title='bbox 1421 2009 1490 2064; x_wconf 92' lang='lat' dir='ltr'><strong>alins</strong></span> <span class='ocrx_word' id='word_1_166' title='bbox 1518 2010 1608 2064; x_wconf 84' lang='lat' dir='ltr'><strong>vinum</strong></span> <span class='ocrx_word' id='word_1_167' title='bbox 1635 2010 1745 2082; x_wconf 79' lang='lat' dir='ltr'><strong>aliquod</strong></span> <span class='ocrx_word' id='word_1_168' title='bbox 1778 2011 1820 2065; x_wconf 92' lang='lat' dir='ltr'><strong>in·</strong></span> 
     </span>
     <span class='ocr_line' id='line_1_16' title="bbox 522 2093 1858 2168; baseline -0.001 -17"><span class='ocrx_word' id='word_1_169' title='bbox 522 2098 598 2166; x_wconf 87' lang='lat' dir='ltr'><strong>siguo</strong></span> <span class='ocrx_word' id='word_1_170' title='bbox 622 2096 760 2156; x_wconf 87' lang='lat' dir='ltr'><strong>mittebat.</strong></span> <span class='ocrx_word' id='word_1_171' title='bbox 784 2095 853 2151; x_wconf 88' lang='lat' dir='ltr'><strong>alius</strong></span> <span class='ocrx_word' id='word_1_172' title='bbox 875 2095 1006 2157; x_wconf 84' lang='lat' dir='ltr'><strong>aviculas,</strong></span> <span class='ocrx_word' id='word_1_173' title='bbox 1036 2095 1105 2151; x_wconf 79' lang='lat' dir='ltr'><strong>:alins</strong></span> <span class='ocrx_word' id='word_1_174' title='bbox 1128 2096 1229 2168; x_wconf 82' lang='lat' dir='ltr'><strong>pisces,</strong></span> <span class='ocrx_word' id='word_1_175' title='bbox 1261 2095 1330 2150; x_wconf 90' lang='lat' dir='ltr'><strong>alius</strong></span> <span class='ocrx_word' id='word_1_176' title='bbox 1353 2093 1439 2156; x_wconf 88' lang='lat' dir='ltr'><strong>aliud;</strong></span> <span class='ocrx_word' id='word_1_177' title='bbox 1468 2095 1643 2166; x_wconf 81' lang='lat' dir='ltr'><strong>magistratus</strong></span> <span class='ocrx_word' id='word_1_178' title='bbox 1666 2094 1858 2150; x_wconf 70' lang='lat' dir='ltr'><strong>trouorariou</strong></span> 
     </span>
     <span class='ocr_line' id='line_1_17' title="bbox 522 2179 1818 2253; baseline 0 -19"><span class='ocrx_word' id='word_1_179' title='bbox 522 2182 584 2235; x_wconf 85' lang='lat' dir='ltr'><strong>vino</strong></span> <span class='ocrx_word' id='word_1_180' title='bbox 607 2181 691 2236; x_wconf 90' lang='lat' dir='ltr'><strong>misso</strong></span> <span class='ocrx_word' id='word_1_181' title='bbox 714 2181 866 2252; x_wconf 89' lang='lat' dir='ltr'><strong>gratulatus</strong></span> <span class='ocrx_word' id='word_1_182' title='bbox 888 2190 930 2236; x_wconf 88' lang='lat' dir='ltr'><strong>est</strong></span> <span class='ocrx_word' id='word_1_183' title='bbox 953 2181 1040 2236; x_wconf 92' lang='lat' dir='ltr'><strong>nobis.</strong></span> <span class='ocrx_word' id='word_1_184' title='bbox 1084 2180 1216 2236; x_wconf 89' lang='lat' dir='ltr'><strong>cauebant</strong></span> <span class='ocrx_word' id='word_1_185' title='bbox 1242 2198 1257 2235; x_wconf 94' lang='lat' dir='ltr'><strong>e</strong></span> <span class='ocrx_word' id='word_1_186' title='bbox 1280 2180 1436 2253; x_wconf 90' lang='lat' dir='ltr'><strong>propinquo</strong></span> <span class='ocrx_word' id='word_1_187' title='bbox 1457 2179 1552 2234; x_wconf 89' lang='lat' dir='ltr'><strong>diebus</strong></span> <span class='ocrx_word' id='word_1_188' title='bbox 1581 2179 1685 2252; x_wconf 81' lang='lat' dir='ltr'><strong>aliquot</strong></span> <span class='ocrx_word' id='word_1_189' title='bbox 1713 2180 1818 2252; x_wconf 92' lang='lat' dir='ltr'><strong>publici</strong></span> 
     </span>
     <span class='ocr_line' id='line_1_18' title="bbox 523 2263 1818 2339; baseline -0.002 -19"><span class='ocrx_word' id='word_1_190' title='bbox 523 2265 661 2320; x_wconf 83' lang='lat' dir='ltr'><strong>tibicines:</strong></span> <span class='ocrx_word' id='word_1_191' title='bbox 686 2283 746 2320; x_wconf 82' lang='lat' dir='ltr'><strong>riam</strong></span> <span class='ocrx_word' id='word_1_192' title='bbox 770 2266 822 2321; x_wconf 91' lang='lat' dir='ltr'><strong>hoc</strong></span> <span class='ocrx_word' id='word_1_193' title='bbox 845 2283 953 2339; x_wconf 87' lang='lat' dir='ltr'><strong>quoque</strong></span> <span class='ocrx_word' id='word_1_194' title='bbox 976 2265 1047 2321; x_wconf 89' lang='lat' dir='ltr'><strong>solet</strong></span> <span class='ocrx_word' id='word_1_195' title='bbox 1070 2266 1183 2320; x_wconf 88' lang='lat' dir='ltr'><strong>honoris</strong></span> <span class='ocrx_word' id='word_1_196' title='bbox 1199 2263 1354 2338; x_wconf 85' lang='lat' dir='ltr'><strong>hospitibus</strong></span> <span class='ocrx_word' id='word_1_197' title='bbox 1371 2263 1530 2336; x_wconf 90' lang='lat' dir='ltr'><strong>quibusdam</strong></span> <span class='ocrx_word' id='word_1_198' title='bbox 1551 2264 1692 2336; x_wconf 80' lang='lat' dir='ltr'><strong>praestari:</strong></span> <span class='ocrx_word' id='word_1_199' title='bbox 1716 2264 1818 2336; x_wconf 89' lang='lat' dir='ltr'><strong>quodsi</strong></span> 
     </span>
     <span class='ocr_line' id='line_1_19' title="bbox 521 2348 1820 2423; baseline -0.001 -18"><span class='ocrx_word' id='word_1_200' title='bbox 521 2349 646 2405; x_wconf 79' lang='lat' dir='ltr'><strong>corrviras</strong></span> <span class='ocrx_word' id='word_1_201' title='bbox 670 2367 778 2422; x_wconf 89' lang='lat' dir='ltr'><strong>qnoque</strong></span> <span class='ocrx_word' id='word_1_202' title='bbox 801 2367 882 2405; x_wconf 78' lang='lat' dir='ltr'><strong>irrrsse</strong></span> <span class='ocrx_word' id='word_1_203' title='bbox 904 2350 996 2423; x_wconf 84' lang='lat' dir='ltr'><strong>cupis,</strong></span> <span class='ocrx_word' id='word_1_204' title='bbox 1026 2351 1133 2405; x_wconf 75' lang='lat' dir='ltr'><strong>assidue</strong></span> <span class='ocrx_word' id='word_1_205' title='bbox 1156 2358 1234 2404; x_wconf 88' lang='lat' dir='ltr'><strong>eraut</strong></span> <span class='ocrx_word' id='word_1_206' title='bbox 1262 2358 1361 2422; x_wconf 73' lang='lat' dir='ltr'><strong>prater</strong></span> <span class='ocrx_word' id='word_1_207' title='bbox 1383 2349 1493 2403; x_wconf 79' lang='lat' dir='ltr'><strong>beatum</strong></span> <span class='ocrx_word' id='word_1_208' title='bbox 1521 2357 1549 2404; x_wconf 89' lang='lat' dir='ltr'><strong>et</strong></span> <span class='ocrx_word' id='word_1_209' title='bbox 1577 2348 1820 2422; x_wconf 87' lang='lat' dir='ltr'><strong>Eppbeudorpium</strong></span> 
     </span>
     <span class='ocr_line' id='line_1_20' title="bbox 522 2432 1818 2507; baseline -0.001 -19"><span class='ocrx_word' id='word_1_210' title='bbox 522 2435 635 2489; x_wconf 86' lang='lat' dir='ltr'><strong>loariues</strong></span> <span class='ocrx_word' id='word_1_211' title='bbox 658 2434 790 2496; x_wconf 85' lang='lat' dir='ltr'><strong>irredicus,</strong></span> <span class='ocrx_word' id='word_1_212' title='bbox 825 2435 906 2490; x_wconf 86' lang='lat' dir='ltr'><strong>houm</strong></span> <span class='ocrx_word' id='word_1_213' title='bbox 931 2435 1032 2489; x_wconf 79' lang='lat' dir='ltr'><strong>iuvenis</strong></span> <span class='ocrx_word' id='word_1_214' title='bbox 1055 2435 1177 2507; x_wconf 88' lang='lat' dir='ltr'><strong>quidem,</strong></span> <span class='ocrx_word' id='word_1_215' title='bbox 1212 2434 1258 2488; x_wconf 92' lang='lat' dir='ltr'><strong>sed</strong></span> <span class='ocrx_word' id='word_1_216' title='bbox 1286 2433 1432 2504; x_wconf 84' lang='lat' dir='ltr'><strong>insigniter</strong></span> <span class='ocrx_word' id='word_1_217' title='bbox 1461 2432 1620 2504; x_wconf 89' lang='lat' dir='ltr'><strong>ingeniosus</strong></span> <span class='ocrx_word' id='word_1_218' title='bbox 1648 2451 1678 2487; x_wconf 92' lang='lat' dir='ltr'><strong>ac</strong></span> <span class='ocrx_word' id='word_1_219' title='bbox 1707 2433 1818 2494; x_wconf 82' lang='lat' dir='ltr'><strong>doctus,</strong></span> 
     </span>
     <span class='ocr_line' id='line_1_21' title="bbox 523 2517 1857 2590; baseline -0.001 -17"><span class='ocrx_word' id='word_1_220' title='bbox 523 2537 553 2573; x_wconf 91' lang='lat' dir='ltr'><strong>ac</strong></span> <span class='ocrx_word' id='word_1_221' title='bbox 576 2518 687 2590; x_wconf 88' lang='lat' dir='ltr'><strong>perinde</strong></span> <span class='ocrx_word' id='word_1_222' title='bbox 710 2518 819 2573; x_wconf 89' lang='lat' dir='ltr'><strong>sobrius</strong></span> <span class='ocrx_word' id='word_1_223' title='bbox 841 2528 869 2574; x_wconf 91' lang='lat' dir='ltr'><strong>et</strong></span> <span class='ocrx_word' id='word_1_224' title='bbox 892 2520 1044 2580; x_wconf 88' lang='lat' dir='ltr'><strong>modestus,</strong></span> <span class='ocrx_word' id='word_1_225' title='bbox 1078 2519 1189 2573; x_wconf 86' lang='lat' dir='ltr'><strong>lllielrael</strong></span> <span class='ocrx_word' id='word_1_226' title='bbox 1213 2517 1434 2590; x_wconf 75' lang='lat' dir='ltr'><strong>llpmelbergius‚</strong></span> <span class='ocrx_word' id='word_1_227' title='bbox 1471 2535 1551 2589; x_wconf 89' lang='lat' dir='ltr'><strong>quem</strong></span> <span class='ocrx_word' id='word_1_228' title='bbox 1580 2527 1611 2572; x_wconf 93' lang='lat' dir='ltr'><strong>ut</strong></span> <span class='ocrx_word' id='word_1_229' title='bbox 1641 2517 1688 2572; x_wconf 91' lang='lat' dir='ltr'><strong>tibi</strong></span> <span class='ocrx_word' id='word_1_230' title='bbox 1722 2519 1857 2590; x_wconf 69' lang='lat' dir='ltr'><strong>panosus</strong></span> 
     </span>
     <span class='ocr_line' id='line_1_22' title="bbox 524 2601 1819 2676; baseline 0.001 -20"><span class='ocrx_word' id='word_1_231' title='bbox 524 2602 682 2674; x_wconf 74' lang='lat' dir='ltr'><strong>depingam,</strong></span> <span class='ocrx_word' id='word_1_232' title='bbox 713 2604 831 2675; x_wconf 86' lang='lat' dir='ltr'><strong>pudore,</strong></span> <span class='ocrx_word' id='word_1_233' title='bbox 864 2602 1009 2662; x_wconf 85' lang='lat' dir='ltr'><strong>modestia,</strong></span> <span class='ocrx_word' id='word_1_234' title='bbox 1040 2604 1177 2676; x_wconf 81' lang='lat' dir='ltr'><strong>doctrina,</strong></span> <span class='ocrx_word' id='word_1_235' title='bbox 1207 2603 1338 2657; x_wconf 87' lang='lat' dir='ltr'><strong>suavitate</strong></span> <span class='ocrx_word' id='word_1_236' title='bbox 1367 2619 1472 2657; x_wconf 90' lang='lat' dir='ltr'><strong>morum</strong></span> <span class='ocrx_word' id='word_1_237' title='bbox 1502 2601 1572 2656; x_wconf 91' lang='lat' dir='ltr'><strong>alter</strong></span> <span class='ocrx_word' id='word_1_238' title='bbox 1594 2602 1738 2657; x_wconf 84' lang='lat' dir='ltr'><strong>Rhenanus</strong></span> <span class='ocrx_word' id='word_1_239' title='bbox 1762 2612 1819 2663; x_wconf 82' lang='lat' dir='ltr'><strong>est:</strong></span> 
     </span>
     <span class='ocr_line' id='line_1_23' title="bbox 456 2686 1820 2759; baseline 0.004 -23"><span class='ocrx_word' id='word_1_240' title='bbox 456 2687 617 2745; x_wconf 76' lang='lat' dir='ltr'><strong>§.anaderat</strong></span> <span class='ocrx_word' id='word_1_241' title='bbox 639 2696 667 2741; x_wconf 93' lang='lat' dir='ltr'><strong>et</strong></span> <span class='ocrx_word' id='word_1_242' title='bbox 690 2686 807 2741; x_wconf 87' lang='lat' dir='ltr'><strong>Vannius</strong></span> <span class='ocrx_word' id='word_1_243' title='bbox 830 2688 1021 2748; x_wconf 90' lang='lat' dir='ltr'><strong>coucionator,</strong></span> <span class='ocrx_word' id='word_1_244' title='bbox 1052 2688 1091 2741; x_wconf 89' lang='lat' dir='ltr'><strong>rir</strong></span> <span class='ocrx_word' id='word_1_245' title='bbox 1114 2687 1274 2758; x_wconf 74' lang='lat' dir='ltr'><strong>evangelicae</strong></span> <span class='ocrx_word' id='word_1_246' title='bbox 1297 2687 1478 2759; x_wconf 75' lang='lat' dir='ltr'><strong>synceritalis.</strong></span> <span class='ocrx_word' id='word_1_247' title='bbox 1524 2688 1546 2740; x_wconf 79' lang='lat' dir='ltr'><strong>h</strong></span> <span class='ocrx_word' id='word_1_248' title='bbox 1568 2695 1648 2759; x_wconf 90' lang='lat' dir='ltr'><strong>partu</strong></span> <span class='ocrx_word' id='word_1_249' title='bbox 1671 2695 1820 2759; x_wconf 83' lang='lat' dir='ltr'><strong>postquam</strong></span> 
     </span>
     <span class='ocr_line' id='line_1_24' title="bbox 523 2769 1820 2843; baseline 0.001 -18"><span class='ocrx_word' id='word_1_250' title='bbox 523 2769 646 2825; x_wconf 91' lang='lat' dir='ltr'><strong>nonnihil</strong></span> <span class='ocrx_word' id='word_1_251' title='bbox 670 2770 766 2825; x_wconf 81' lang='lat' dir='ltr'><strong>virium</strong></span> <span class='ocrx_word' id='word_1_252' title='bbox 788 2770 962 2843; x_wconf 80' lang='lat' dir='ltr'><strong>collegimus.</strong></span> <span class='ocrx_word' id='word_1_253' title='bbox 997 2771 1121 2827; x_wconf 89' lang='lat' dir='ltr'><strong>honrlam</strong></span> <span class='ocrx_word' id='word_1_254' title='bbox 1143 2772 1271 2827; x_wconf 85' lang='lat' dir='ltr'><strong>dabamus</strong></span> <span class='ocrx_word' id='word_1_255' title='bbox 1294 2771 1386 2826; x_wconf 91' lang='lat' dir='ltr'><strong>amicis</strong></span> <span class='ocrx_word' id='word_1_256' title='bbox 1408 2770 1617 2833; x_wconf 86' lang='lat' dir='ltr'><strong>salutatoribus,</strong></span> <span class='ocrx_word' id='word_1_257' title='bbox 1653 2771 1699 2826; x_wconf 90' lang='lat' dir='ltr'><strong>sed</strong></span> <span class='ocrx_word' id='word_1_258' title='bbox 1722 2770 1820 2827; x_wconf 86' lang='lat' dir='ltr'><strong>electis</strong></span> 
     </span>
     <span class='ocr_line' id='line_1_25' title="bbox 523 2854 1820 2928; baseline 0.001 -19"><span class='ocrx_word' id='word_1_259' title='bbox 523 2863 551 2909; x_wconf 86' lang='lat' dir='ltr'><strong>ct</strong></span> <span class='ocrx_word' id='word_1_260' title='bbox 573 2854 779 2914; x_wconf 88' lang='lat' dir='ltr'><strong>commendatis.</strong></span> <span class='ocrx_word' id='word_1_261' title='bbox 810 2873 859 2910; x_wconf 89' lang='lat' dir='ltr'><strong>nec</strong></span> <span class='ocrx_word' id='word_1_262' title='bbox 886 2856 958 2910; x_wconf 92' lang='lat' dir='ltr'><strong>enim</strong></span> <span class='ocrx_word' id='word_1_263' title='bbox 986 2855 1084 2911; x_wconf 79' lang='lat' dir='ltr'><strong>licebat</strong></span> <span class='ocrx_word' id='word_1_264' title='bbox 1112 2857 1231 2911; x_wconf 91' lang='lat' dir='ltr'><strong>omnium</strong></span> <span class='ocrx_word' id='word_1_265' title='bbox 1260 2855 1367 2911; x_wconf 91' lang='lat' dir='ltr'><strong>allectui</strong></span> <span class='ocrx_word' id='word_1_266' title='bbox 1396 2872 1500 2911; x_wconf 77' lang='lat' dir='ltr'><strong>altorem</strong></span> <span class='ocrx_word' id='word_1_267' title='bbox 1522 2872 1626 2928; x_wconf 80' lang='lat' dir='ltr'><strong>gerere.</strong></span> <span class='ocrx_word' id='word_1_268' title='bbox 1671 2856 1820 2928; x_wconf 87' lang='lat' dir='ltr'><strong>episcopus</strong></span> 
     </span>
     <span class='ocr_line' id='line_1_26' title="bbox 523 2938 1857 3014; baseline 0.002 -21"><span class='ocrx_word' id='word_1_269' title='bbox 523 2956 573 3012; x_wconf 90' lang='lat' dir='ltr'><strong>pro</strong></span> <span class='ocrx_word' id='word_1_270' title='bbox 596 2955 643 2992; x_wconf 89' lang='lat' dir='ltr'><strong>sua</strong></span> <span class='ocrx_word' id='word_1_271' title='bbox 667 2938 832 2995; x_wconf 88' lang='lat' dir='ltr'><strong>humanitate</strong></span> <span class='ocrx_word' id='word_1_272' title='bbox 854 2939 980 3013; x_wconf 88' lang='lat' dir='ltr'><strong>cupiebat</strong></span> <span class='ocrx_word' id='word_1_273' title='bbox 1011 2941 1139 3014; x_wconf 90' lang='lat' dir='ltr'><strong>quicquid</strong></span> <span class='ocrx_word' id='word_1_274' title='bbox 1167 2950 1276 3013; x_wconf 91' lang='lat' dir='ltr'><strong>poterat</strong></span> <span class='ocrx_word' id='word_1_275' title='bbox 1296 2940 1408 2995; x_wconf 85' lang='lat' dir='ltr'><strong>honoris</strong></span> <span class='ocrx_word' id='word_1_276' title='bbox 1431 2940 1571 3000; x_wconf 82' lang='lat' dir='ltr'><strong>exhibere,</strong></span> <span class='ocrx_word' id='word_1_277' title='bbox 1595 2941 1642 2994; x_wconf 88' lang='lat' dir='ltr'><strong>sed</strong></span> <span class='ocrx_word' id='word_1_278' title='bbox 1658 2939 1692 2994; x_wconf 91' lang='lat' dir='ltr'><strong>ah</strong></span> <span class='ocrx_word' id='word_1_279' title='bbox 1707 2939 1857 3013; x_wconf 69' lang='lat' dir='ltr'><strong>bospite2³</strong></span> 
     </span>
     <span class='ocr_line' id='line_1_27' title="bbox 523 3022 1819 3097; baseline 0.001 -19"><span class='ocrx_word' id='word_1_280' title='bbox 523 3022 695 3078; x_wconf 89' lang='lat' dir='ltr'><strong>submonitus</strong></span> <span class='ocrx_word' id='word_1_281' title='bbox 719 3032 766 3080; x_wconf 66' lang='lat' dir='ltr'><strong>est,</strong></span> <span class='ocrx_word' id='word_1_282' title='bbox 783 3042 825 3079; x_wconf 90' lang='lat' dir='ltr'><strong>me</strong></span> <span class='ocrx_word' id='word_1_283' title='bbox 848 3024 983 3080; x_wconf 87' lang='lat' dir='ltr'><strong>houriuem</strong></span> <span class='ocrx_word' id='word_1_284' title='bbox 1006 3044 1065 3080; x_wconf 89' lang='lat' dir='ltr'><strong>esse</strong></span> <span class='ocrx_word' id='word_1_285' title='bbox 1089 3026 1185 3081; x_wconf 90' lang='lat' dir='ltr'><strong>modici</strong></span> <span class='ocrx_word' id='word_1_286' title='bbox 1209 3025 1275 3085; x_wconf 83' lang='lat' dir='ltr'><strong>cibi,</strong></span> <span class='ocrx_word' id='word_1_287' title='bbox 1305 3023 1347 3079; x_wconf 84' lang='lat' dir='ltr'><strong>vel</strong></span> <span class='ocrx_word' id='word_1_288' title='bbox 1370 3024 1470 3079; x_wconf 88' lang='lat' dir='ltr'><strong>nullius</strong></span> <span class='ocrx_word' id='word_1_289' title='bbox 1494 3024 1599 3097; x_wconf 84' lang='lat' dir='ltr'><strong>potius,</strong></span> <span class='ocrx_word' id='word_1_290' title='bbox 1630 3023 1781 3085; x_wconf 68' lang='lat' dir='ltr'><strong>abhorrere</strong></span> <span class='ocrx_word' id='word_1_291' title='bbox 1805 3043 1819 3079; x_wconf 90' lang='lat' dir='ltr'><strong>a</strong></span> 
     </span>
     <span class='ocr_line' id='line_1_28' title="bbox 526 3101 1820 3182; baseline 0.001 -20"><span class='ocrx_word' id='word_1_292' title='bbox 526 3106 701 3162; x_wconf 86' lang='lat' dir='ltr'><strong>tumultuosis</strong></span> <span class='ocrx_word' id='word_1_293' title='bbox 724 3109 868 3170; x_wconf 83' lang='lat' dir='ltr'><strong>conviviis,</strong></span> <span class='ocrx_word' id='word_1_294' title='bbox 903 3126 936 3164; x_wconf 90' lang='lat' dir='ltr'><strong>ue</strong></span> <span class='ocrx_word' id='word_1_295' title='bbox 960 3128 1038 3182; x_wconf 88' lang='lat' dir='ltr'><strong>quem</strong></span> <span class='ocrx_word' id='word_1_296' title='bbox 1062 3128 1119 3165; x_wconf 89' lang='lat' dir='ltr'><strong>mea</strong></span> <span class='ocrx_word' id='word_1_297' title='bbox 1143 3127 1223 3165; x_wconf 88' lang='lat' dir='ltr'><strong>eausa</strong></span> <span class='ocrx_word' id='word_1_298' title='bbox 1246 3117 1369 3169; x_wconf 76' lang='lat' dir='ltr'><strong>voearet.</strong></span> <span class='ocrx_word' id='word_1_299' title='bbox 1406 3125 1439 3164; x_wconf 92' lang='lat' dir='ltr'><strong>ue</strong></span> <span class='ocrx_word' id='word_1_300' title='bbox 1463 3101 1696 3181; x_wconf 20' lang='lat' dir='ltr'><strong>quidsapp&#39;aratus</strong></span> <span class='ocrx_word' id='word_1_301' title='bbox 1725 3109 1820 3164; x_wconf 89' lang='lat' dir='ltr'><strong>adiun-</strong></span> 
     </span>
     <span class='ocr_line' id='line_1_29' title="bbox 526 3192 1819 3267; baseline 0 -20"><span class='ocrx_word' id='word_1_302' title='bbox 526 3201 602 3263; x_wconf 77' lang='lat' dir='ltr'><strong>geret</strong></span> <span class='ocrx_word' id='word_1_303' title='bbox 625 3193 799 3265; x_wconf 89' lang='lat' dir='ltr'><strong>quotidiano:</strong></span> <span class='ocrx_word' id='word_1_304' title='bbox 823 3194 921 3267; x_wconf 85' lang='lat' dir='ltr'><strong>paruit.</strong></span> <span class='ocrx_word' id='word_1_305' title='bbox 945 3204 972 3249; x_wconf 91' lang='lat' dir='ltr'><strong>et</strong></span> <span class='ocrx_word' id='word_1_306' title='bbox 994 3194 1166 3250; x_wconf 83' lang='lat' dir='ltr'><strong>sodalitatem</strong></span> <span class='ocrx_word' id='word_1_307' title='bbox 1190 3192 1260 3249; x_wconf 93' lang='lat' dir='ltr'><strong>illam</strong></span> <span class='ocrx_word' id='word_1_308' title='bbox 1285 3201 1406 3248; x_wconf 88' lang='lat' dir='ltr'><strong>nostram</strong></span> <span class='ocrx_word' id='word_1_309' title='bbox 1422 3194 1559 3248; x_wconf 78' lang='lat' dir='ltr'><strong>dumtaxat</strong></span> <span class='ocrx_word' id='word_1_310' title='bbox 1574 3193 1678 3265; x_wconf 89' lang='lat' dir='ltr'><strong>accepit</strong></span> <span class='ocrx_word' id='word_1_311' title='bbox 1693 3194 1819 3266; x_wconf 89' lang='lat' dir='ltr'><strong>prandio.</strong></span> 
     </span>
     <span class='ocr_line' id='line_1_30' title="bbox 455 3276 1819 3352; baseline 0.001 -23"><span class='ocrx_word' id='word_1_312' title='bbox 455 3276 564 3332; x_wconf 71' lang='lat' dir='ltr'><strong>§.soah</strong></span> <span class='ocrx_word' id='word_1_313' title='bbox 586 3278 638 3332; x_wconf 92' lang='lat' dir='ltr'><strong>hoc</strong></span> <span class='ocrx_word' id='word_1_314' title='bbox 659 3278 786 3333; x_wconf 86' lang='lat' dir='ltr'><strong>dimissus</strong></span> <span class='ocrx_word' id='word_1_315' title='bbox 810 3278 1045 3341; x_wconf 85' lang='lat' dir='ltr'><strong>honoriliceulius,</strong></span> <span class='ocrx_word' id='word_1_316' title='bbox 1077 3298 1156 3352; x_wconf 90' lang='lat' dir='ltr'><strong>quam</strong></span> <span class='ocrx_word' id='word_1_317' title='bbox 1179 3297 1231 3349; x_wconf 86' lang='lat' dir='ltr'><strong>ego</strong></span> <span class='ocrx_word' id='word_1_318' title='bbox 1253 3295 1318 3332; x_wconf 90' lang='lat' dir='ltr'><strong>saue</strong></span> <span class='ocrx_word' id='word_1_319' title='bbox 1346 3278 1536 3350; x_wconf 82' lang='lat' dir='ltr'><strong>promerebor,</strong></span> <span class='ocrx_word' id='word_1_320' title='bbox 1565 3277 1706 3334; x_wconf 88' lang='lat' dir='ltr'><strong>invisimus</strong></span> <span class='ocrx_word' id='word_1_321' title='bbox 1737 3278 1766 3331; x_wconf 88' lang='lat' dir='ltr'><strong>ll.</strong></span> <span class='ocrx_word' id='word_1_322' title='bbox 1791 3279 1819 3333; x_wconf 83' lang='lat' dir='ltr'><strong>P.</strong></span> 
     </span>
     <span class='ocr_line' id='line_1_31' title="bbox 515 3355 1856 3436; baseline 0.001 -20"><span class='ocrx_word' id='word_1_323' title='bbox 515 3355 652 3423; x_wconf 67' lang='lat' dir='ltr'><strong>⁸Ennium,</strong></span> <span class='ocrx_word' id='word_1_324' title='bbox 676 3363 834 3436; x_wconf 88' lang='lat' dir='ltr'><strong>episcopum</strong></span> <span class='ocrx_word' id='word_1_325' title='bbox 857 3363 1036 3423; x_wconf 71' lang='lat' dir='ltr'><strong>leitilamma.</strong></span> <span class='ocrx_word' id='word_1_326' title='bbox 1062 3372 1118 3418; x_wconf 92' lang='lat' dir='ltr'><strong>tum</strong></span> <span class='ocrx_word' id='word_1_327' title='bbox 1142 3362 1196 3419; x_wconf 91' lang='lat' dir='ltr'><strong>illic</strong></span> <span class='ocrx_word' id='word_1_328' title='bbox 1219 3363 1346 3416; x_wconf 74' lang='lat' dir='ltr'><strong>castricium</strong></span> <span class='ocrx_word' id='word_1_329' title='bbox 1369 3362 1564 3434; x_wconf 72' lang='lat' dir='ltr'><strong>apostolurum</strong></span> <span class='ocrx_word' id='word_1_330' title='bbox 1593 3379 1654 3416; x_wconf 92' lang='lat' dir='ltr'><strong>nam</strong></span> <span class='ocrx_word' id='word_1_331' title='bbox 1679 3362 1732 3417; x_wconf 87' lang='lat' dir='ltr'><strong>iam</strong></span> <span class='ocrx_word' id='word_1_332' title='bbox 1754 3370 1856 3418; x_wconf 74' lang='lat' dir='ltr'><strong>antc³⁰</strong></span> 
     </span>
     <span class='ocr_line' id='line_1_32' title="bbox 523 3446 1819 3519; baseline -0.002 -17"><span class='ocrx_word' id='word_1_333' title='bbox 523 3448 626 3502; x_wconf 86' lang='lat' dir='ltr'><strong>coierat</strong></span> <span class='ocrx_word' id='word_1_334' title='bbox 649 3447 720 3502; x_wconf 90' lang='lat' dir='ltr'><strong>iuter</strong></span> <span class='ocrx_word' id='word_1_335' title='bbox 742 3465 792 3502; x_wconf 85' lang='lat' dir='ltr'><strong>irus</strong></span> <span class='ocrx_word' id='word_1_336' title='bbox 816 3448 917 3503; x_wconf 83' lang='lat' dir='ltr'><strong>rrrrrtuis</strong></span> <span class='ocrx_word' id='word_1_337' title='bbox 941 3448 1027 3504; x_wconf 87' lang='lat' dir='ltr'><strong>literis</strong></span> <span class='ocrx_word' id='word_1_338' title='bbox 1050 3449 1182 3509; x_wconf 83' lang='lat' dir='ltr'><strong>anucitia,</strong></span> <span class='ocrx_word' id='word_1_339' title='bbox 1206 3447 1252 3519; x_wconf 90' lang='lat' dir='ltr'><strong>qui</strong></span> <span class='ocrx_word' id='word_1_340' title='bbox 1278 3455 1350 3500; x_wconf 90' lang='lat' dir='ltr'><strong>tauta</strong></span> <span class='ocrx_word' id='word_1_341' title='bbox 1372 3463 1433 3500; x_wconf 94' lang='lat' dir='ltr'><strong>cum</strong></span> <span class='ocrx_word' id='word_1_342' title='bbox 1456 3446 1595 3500; x_wconf 87' lang='lat' dir='ltr'><strong>alacritate</strong></span> <span class='ocrx_word' id='word_1_343' title='bbox 1618 3446 1698 3501; x_wconf 90' lang='lat' dir='ltr'><strong>nobis</strong></span> <span class='ocrx_word' id='word_1_344' title='bbox 1723 3464 1819 3502; x_wconf 89' lang='lat' dir='ltr'><strong>oecur-</strong></span> 
     </span>
     <span class='ocr_line' id='line_1_33' title="bbox 524 3530 1885 3605; baseline -0.004 -19"><span class='ocrx_word' id='word_1_345' title='bbox 524 3532 573 3592; x_wconf 87' lang='lat' dir='ltr'><strong>rit.</strong></span> <span class='ocrx_word' id='word_1_346' title='bbox 596 3549 627 3587; x_wconf 92' lang='lat' dir='ltr'><strong>ac</strong></span> <span class='ocrx_word' id='word_1_347' title='bbox 650 3532 671 3585; x_wconf 91' lang='lat' dir='ltr'><strong>si</strong></span> <span class='ocrx_word' id='word_1_348' title='bbox 696 3532 829 3604; x_wconf 88' lang='lat' dir='ltr'><strong>quispiam</strong></span> <span class='ocrx_word' id='word_1_349' title='bbox 852 3532 965 3587; x_wconf 88' lang='lat' dir='ltr'><strong>alicuius</strong></span> <span class='ocrx_word' id='word_1_350' title='bbox 988 3534 1071 3605; x_wconf 89' lang='lat' dir='ltr'><strong>precii</strong></span> <span class='ocrx_word' id='word_1_351' title='bbox 1096 3533 1127 3587; x_wconf 92' lang='lat' dir='ltr'><strong>ad</strong></span> <span class='ocrx_word' id='word_1_352' title='bbox 1151 3549 1180 3586; x_wconf 88' lang='lat' dir='ltr'><strong>se</strong></span> <span class='ocrx_word' id='word_1_353' title='bbox 1208 3531 1333 3586; x_wconf 86' lang='lat' dir='ltr'><strong>venisset.</strong></span> <span class='ocrx_word' id='word_1_354' title='bbox 1377 3531 1548 3585; x_wconf 88' lang='lat' dir='ltr'><strong>consedimus</strong></span> <span class='ocrx_word' id='word_1_355' title='bbox 1579 3530 1645 3591; x_wconf 89' lang='lat' dir='ltr'><strong>soli,</strong></span> <span class='ocrx_word' id='word_1_356' title='bbox 1674 3531 1756 3585; x_wconf 89' lang='lat' dir='ltr'><strong>variis</strong></span> <span class='ocrx_word' id='word_1_357' title='bbox 1785 3532 1819 3586; x_wconf 90' lang='lat' dir='ltr'><strong>de</strong></span> <span class='ocrx_word' id='word_1_358' title='bbox 1879 3572 1885 3580; x_wconf 94' lang='lat'>.</span> 
     </span>
     <span class='ocr_line' id='line_1_34' title="bbox 524 3611 1818 3689; baseline -0.001 -18"><span class='ocrx_word' id='word_1_359' title='bbox 524 3615 606 3671; x_wconf 87' lang='lat' dir='ltr'><strong>rebus</strong></span> <span class='ocrx_word' id='word_1_360' title='bbox 634 3615 854 3671; x_wconf 81' lang='lat' dir='ltr'><strong>confabulantes:</strong></span> <span class='ocrx_word' id='word_1_361' title='bbox 884 3626 925 3671; x_wconf 90' lang='lat' dir='ltr'><strong>est</strong></span> <span class='ocrx_word' id='word_1_362' title='bbox 952 3618 1023 3672; x_wconf 91' lang='lat' dir='ltr'><strong>euim</strong></span> <span class='ocrx_word' id='word_1_363' title='bbox 1047 3617 1087 3670; x_wconf 87' lang='lat' dir='ltr'><strong>rir</strong></span> <span class='ocrx_word' id='word_1_364' title='bbox 1109 3616 1230 3689; x_wconf 87' lang='lat' dir='ltr'><strong>apprime</strong></span> <span class='ocrx_word' id='word_1_365' title='bbox 1253 3611 1387 3687; x_wconf 69' lang='lat' dir='ltr'><strong>plemeus,</strong></span> <span class='ocrx_word' id='word_1_366' title='bbox 1417 3623 1444 3669; x_wconf 92' lang='lat' dir='ltr'><strong>et</strong></span> <span class='ocrx_word' id='word_1_367' title='bbox 1467 3615 1594 3687; x_wconf 89' lang='lat' dir='ltr'><strong>qnoniam</strong></span> <span class='ocrx_word' id='word_1_368' title='bbox 1617 3615 1643 3669; x_wconf 91' lang='lat' dir='ltr'><strong>iu</strong></span> <span class='ocrx_word' id='word_1_369' title='bbox 1667 3614 1818 3670; x_wconf 88' lang='lat' dir='ltr'><strong>multorum</strong></span> 
     </span>
     <span class='ocr_line' id='line_1_35' title="bbox 523 3699 1819 3772; baseline 0.001 -19"><span class='ocrx_word' id='word_1_370' title='bbox 523 3700 676 3772; x_wconf 86' lang='lat' dir='ltr'><strong>principum</strong></span> <span class='ocrx_word' id='word_1_371' title='bbox 705 3701 827 3771; x_wconf 79' lang='lat' dir='ltr'><strong>negociis</strong></span> <span class='ocrx_word' id='word_1_372' title='bbox 854 3700 899 3755; x_wconf 93' lang='lat' dir='ltr'><strong>diu</strong></span> <span class='ocrx_word' id='word_1_373' title='bbox 929 3709 1051 3756; x_wconf 80' lang='lat' dir='ltr'><strong>vorsatus</strong></span> <span class='ocrx_word' id='word_1_374' title='bbox 1082 3710 1138 3762; x_wconf 87' lang='lat' dir='ltr'><strong>est,</strong></span> <span class='ocrx_word' id='word_1_375' title='bbox 1172 3699 1303 3772; x_wconf 71' lang='lat' dir='ltr'><strong>singulari</strong></span> <span class='ocrx_word' id='word_1_376' title='bbox 1333 3699 1463 3772; x_wconf 84' lang='lat' dir='ltr'><strong>praeditus</strong></span> <span class='ocrx_word' id='word_1_377' title='bbox 1491 3699 1597 3754; x_wconf 89' lang='lat' dir='ltr'><strong>iudicio.</strong></span> <span class='ocrx_word' id='word_1_378' title='bbox 1642 3699 1760 3770; x_wconf 86' lang='lat' dir='ltr'><strong>augebat</strong></span> <span class='ocrx_word' id='word_1_379' title='bbox 1790 3707 1819 3754; x_wconf 89' lang='lat' dir='ltr'><strong>et</strong></span> 
     </span>
     <span class='ocr_line' id='line_1_36' title="bbox 523 3782 1855 3862; baseline 0.002 -26"><span class='ocrx_word' id='word_1_380' title='bbox 523 3791 589 3837; x_wconf 68' lang='lat' dir='ltr'><strong>aetas</strong></span> <span class='ocrx_word' id='word_1_381' title='bbox 612 3782 724 3854; x_wconf 66' lang='lat' dir='ltr'><strong>arpotis</strong></span> <span class='ocrx_word' id='word_1_382' title='bbox 746 3792 774 3837; x_wconf 92' lang='lat' dir='ltr'><strong>et</strong></span> <span class='ocrx_word' id='word_1_383' title='bbox 796 3783 906 3839; x_wconf 80' lang='lat' dir='ltr'><strong>niorlms</strong></span> <span class='ocrx_word' id='word_1_384' title='bbox 928 3785 1079 3839; x_wconf 88' lang='lat' dir='ltr'><strong>communis</strong></span> <span class='ocrx_word' id='word_1_385' title='bbox 1104 3793 1221 3839; x_wconf 90' lang='lat' dir='ltr'><strong>mutuam</strong></span> <span class='ocrx_word' id='word_1_386' title='bbox 1246 3783 1473 3862; x_wconf 77' lang='lat' dir='ltr'><strong>beneroleutiam</strong></span> <span class='ocrx_word' id='word_1_387' title='bbox 1498 3801 1558 3838; x_wconf 82' lang='lat' dir='ltr'><strong>naua</strong></span> <span class='ocrx_word' id='word_1_388' title='bbox 1580 3791 1609 3838; x_wconf 89' lang='lat' dir='ltr'><strong>et</strong></span> <span class='ocrx_word' id='word_1_389' title='bbox 1631 3784 1689 3856; x_wconf 86' lang='lat' dir='ltr'><strong>ipse</strong></span> <span class='ocrx_word' id='word_1_390' title='bbox 1710 3783 1855 3840; x_wconf 69' lang='lat' dir='ltr'><strong>catcotoaa</strong></span> 
     </span>
     <span class='ocr_line' id='line_1_37' title="bbox 523 3862 1818 3929; baseline 0.001 -8"><span class='ocrx_word' id='word_1_391' title='bbox 523 3868 612 3921; x_wconf 84' lang='lat' dir='ltr'><strong>irrerat</strong></span> <span class='ocrx_word' id='word_1_392' title='bbox 635 3866 782 3927; x_wconf 80' lang='lat' dir='ltr'><strong>olmosius,</strong></span> <span class='ocrx_word' id='word_1_393' title='bbox 816 3868 907 3922; x_wconf 89' lang='lat' dir='ltr'><strong>eadem</strong></span> <span class='ocrx_word' id='word_1_394' title='bbox 931 3886 1064 3923; x_wconf 83' lang='lat' dir='ltr'><strong>excausa</strong></span> <span class='ocrx_word' id='word_1_395' title='bbox 1087 3862 1202 3924; x_wconf 75' lang='lat' dir='ltr'><strong>collmto</strong></span> <span class='ocrx_word' id='word_1_396' title='bbox 1226 3868 1311 3929; x_wconf 88' lang='lat' dir='ltr'><strong>malo,</strong></span> <span class='ocrx_word' id='word_1_397' title='bbox 1347 3868 1473 3923; x_wconf 89' lang='lat' dir='ltr'><strong>nimirum</strong></span> <span class='ocrx_word' id='word_1_398' title='bbox 1503 3885 1536 3922; x_wconf 85' lang='lat' dir='ltr'><strong>ex</strong></span> <span class='ocrx_word' id='word_1_399' title='bbox 1563 3868 1631 3921; x_wconf 76' lang='lat' dir='ltr'><strong>sinis</strong></span> <span class='ocrx_word' id='word_1_400' title='bbox 1659 3884 1753 3923; x_wconf 90' lang='lat' dir='ltr'><strong>earnm</strong></span> <span class='ocrx_word' id='word_1_401' title='bbox 1776 3887 1818 3922; x_wconf 92' lang='lat' dir='ltr'><strong>re·</strong></span> 
     </span>
     <span class='ocr_line' id='line_1_38' title="bbox 524 3949 1817 4025; baseline 0.004 -23"><span class='ocrx_word' id='word_1_402' title='bbox 524 3950 635 4020; x_wconf 87' lang='lat' dir='ltr'><strong>gionum</strong></span> <span class='ocrx_word' id='word_1_403' title='bbox 651 3949 791 4010; x_wconf 84' lang='lat' dir='ltr'><strong>tenuibus.</strong></span> <span class='ocrx_word' id='word_1_404' title='bbox 815 3951 936 4012; x_wconf 82' lang='lat' dir='ltr'><strong>acribus,</strong></span> <span class='ocrx_word' id='word_1_405' title='bbox 961 3953 1080 4025; x_wconf 89' lang='lat' dir='ltr'><strong>asperis,</strong></span> <span class='ocrx_word' id='word_1_406' title='bbox 1104 3954 1210 4013; x_wconf 81' lang='lat' dir='ltr'><strong>erodis,</strong></span> <span class='ocrx_word' id='word_1_407' title='bbox 1233 3951 1388 4007; x_wconf 90' lang='lat' dir='ltr'><strong>crudelibus</strong></span> <span class='ocrx_word' id='word_1_408' title='bbox 1404 3960 1431 4006; x_wconf 93' lang='lat' dir='ltr'><strong>et</strong></span> <span class='ocrx_word' id='word_1_409' title='bbox 1448 3952 1603 4007; x_wconf 71' lang='lat' dir='ltr'><strong>insomnis:</strong></span> <span class='ocrx_word' id='word_1_410' title='bbox 1626 3960 1732 4007; x_wconf 92' lang='lat' dir='ltr'><strong>mutato</strong></span> <span class='ocrx_word' id='word_1_411' title='bbox 1755 3953 1817 4007; x_wconf 84' lang='lat' dir='ltr'><strong>rino</strong></span> 
     </span>
     <span class='ocr_line' id='line_1_39' title="bbox 523 4032 1818 4098; baseline 0.003 -11"><span class='ocrx_word' id='word_1_412' title='bbox 523 4033 640 4087; x_wconf 87' lang='lat' dir='ltr'><strong>desierat</strong></span> <span class='ocrx_word' id='word_1_413' title='bbox 664 4032 788 4088; x_wconf 87' lang='lat' dir='ltr'><strong>laborare</strong></span> <span class='ocrx_word' id='word_1_414' title='bbox 811 4044 857 4089; x_wconf 89' lang='lat' dir='ltr'><strong>aul</strong></span> <span class='ocrx_word' id='word_1_415' title='bbox 879 4045 952 4091; x_wconf 86' lang='lat' dir='ltr'><strong>certe</strong></span> <span class='ocrx_word' id='word_1_416' title='bbox 975 4036 1115 4092; x_wconf 88' lang='lat' dir='ltr'><strong>laborabat</strong></span> <span class='ocrx_word' id='word_1_417' title='bbox 1138 4037 1236 4097; x_wconf 88' lang='lat' dir='ltr'><strong>lerius;</strong></span> <span class='ocrx_word' id='word_1_418' title='bbox 1265 4036 1479 4092; x_wconf 87' lang='lat' dir='ltr'><strong>communicabat</strong></span> <span class='ocrx_word' id='word_1_419' title='bbox 1502 4043 1528 4090; x_wconf 89' lang='lat' dir='ltr'><strong>et</strong></span> <span class='ocrx_word' id='word_1_420' title='bbox 1551 4035 1602 4090; x_wconf 90' lang='lat' dir='ltr'><strong>alia</strong></span> <span class='ocrx_word' id='word_1_421' title='bbox 1625 4037 1757 4098; x_wconf 87' lang='lat' dir='ltr'><strong>remedia,</strong></span> <span class='ocrx_word' id='word_1_422' title='bbox 1786 4054 1818 4091; x_wconf 82' lang='lat' dir='ltr'><strong>cx</strong></span> 
     </span>
     <span class='ocr_line' id='line_1_40' title="bbox 457 4116 1816 4194; baseline 0.008 -24"><span class='ocrx_word' id='word_1_423' title='bbox 457 4116 675 4171; x_wconf 75' lang='lat' dir='ltr'><strong>totbuolauo</strong></span> <span class='ocrx_word' id='word_1_424' title='bbox 698 4118 787 4172; x_wconf 77' lang='lat' dir='ltr'><strong>larissa.</strong></span> <span class='ocrx_word' id='word_1_425' title='bbox 832 4119 981 4176; x_wconf 89' lang='lat' dir='ltr'><strong>adornabat</strong></span> <span class='ocrx_word' id='word_1_426' title='bbox 1003 4131 1030 4176; x_wconf 88' lang='lat' dir='ltr'><strong>et</strong></span> <span class='ocrx_word' id='word_1_427' title='bbox 1053 4122 1110 4194; x_wconf 90' lang='lat' dir='ltr'><strong>ipse</strong></span> <span class='ocrx_word' id='word_1_428' title='bbox 1134 4122 1186 4176; x_wconf 88' lang='lat' dir='ltr'><strong>iter</strong></span> <span class='ocrx_word' id='word_1_429' title='bbox 1209 4122 1234 4175; x_wconf 92' lang='lat' dir='ltr'><strong>iu</strong></span> <span class='ocrx_word' id='word_1_430' title='bbox 1258 4120 1374 4182; x_wconf 90' lang='lat' dir='ltr'><strong>ltaliam,</strong></span> <span class='ocrx_word' id='word_1_431' title='bbox 1404 4138 1492 4193; x_wconf 89' lang='lat' dir='ltr'><strong>neque</strong></span> <span class='ocrx_word' id='word_1_432' title='bbox 1515 4120 1657 4192; x_wconf 86' lang='lat' dir='ltr'><strong>quicquam</strong></span> <span class='ocrx_word' id='word_1_433' title='bbox 1681 4121 1816 4180; x_wconf 78' lang='lat' dir='ltr'><strong>obstabat,</strong></span> 
     </span>
     <span class='ocr_line' id='line_1_41' title="bbox 525 4200 1852 4277; baseline 0.005 -23"><span class='ocrx_word' id='word_1_434' title='bbox 525 4200 576 4255; x_wconf 91' lang='lat' dir='ltr'><strong>nisi</strong></span> <span class='ocrx_word' id='word_1_435' title='bbox 601 4201 680 4257; x_wconf 85' lang='lat' dir='ltr'><strong>brerc</strong></span> <span class='ocrx_word' id='word_1_436' title='bbox 703 4201 853 4275; x_wconf 84' lang='lat' dir='ltr'><strong>pontificis,</strong></span> <span class='ocrx_word' id='word_1_437' title='bbox 878 4206 948 4276; x_wconf 76' lang='lat' dir='ltr'><strong>‹ptiod</strong></span> <span class='ocrx_word' id='word_1_438' title='bbox 973 4207 1000 4260; x_wconf 91' lang='lat' dir='ltr'><strong>iu</strong></span> <span class='ocrx_word' id='word_1_439' title='bbox 1024 4205 1146 4277; x_wconf 88' lang='lat' dir='ltr'><strong>singulus</strong></span> <span class='ocrx_word' id='word_1_440' title='bbox 1175 4205 1256 4260; x_wconf 87' lang='lat' dir='ltr'><strong>horas</strong></span> <span class='ocrx_word' id='word_1_441' title='bbox 1273 4204 1451 4277; x_wconf 79' lang='lat' dir='ltr'><strong>expectabat.</strong></span> <span class='ocrx_word' id='word_1_442' title='bbox 1495 4222 1537 4260; x_wconf 86' lang='lat' dir='ltr'><strong>rue</strong></span> <span class='ocrx_word' id='word_1_443' title='bbox 1559 4204 1686 4277; x_wconf 82' lang='lat' dir='ltr'><strong>cupiebat</strong></span> <span class='ocrx_word' id='word_1_444' title='bbox 1710 4206 1815 4260; x_wconf 86' lang='lat' dir='ltr'><strong>itineris</strong></span> <span class='ocrx_word' id='word_1_445' title='bbox 1827 4214 1852 4253; x_wconf 74' lang='lat'><strong>⁴⁰</strong></span> 
     </span>
     <span class='ocr_line' id='line_1_42' title="bbox 524 4285 1816 4363; baseline 0.005 -25"><span class='ocrx_word' id='word_1_446' title='bbox 524 4285 566 4339; x_wconf 92' lang='lat' dir='ltr'><strong>sui</strong></span> <span class='ocrx_word' id='word_1_447' title='bbox 588 4287 729 4347; x_wconf 69' lang='lat' dir='ltr'><strong>certantem:</strong></span> <span class='ocrx_word' id='word_1_448' title='bbox 763 4305 793 4342; x_wconf 91' lang='lat' dir='ltr'><strong>ac</strong></span> <span class='ocrx_word' id='word_1_449' title='bbox 823 4289 886 4343; x_wconf 92' lang='lat' dir='ltr'><strong>mibi</strong></span> <span class='ocrx_word' id='word_1_450' title='bbox 920 4290 1026 4362; x_wconf 81' lang='lat' dir='ltr'><strong>rpudom</strong></span> <span class='ocrx_word' id='word_1_451' title='bbox 1056 4290 1191 4363; x_wconf 80' lang='lat' dir='ltr'><strong>gestiebat</strong></span> <span class='ocrx_word' id='word_1_452' title='bbox 1220 4288 1338 4349; x_wconf 86' lang='lat' dir='ltr'><strong>animus,</strong></span> <span class='ocrx_word' id='word_1_453' title='bbox 1373 4307 1455 4361; x_wconf 79' lang='lat' dir='ltr'><strong>rpunm</strong></span> <span class='ocrx_word' id='word_1_454' title='bbox 1485 4306 1541 4343; x_wconf 91' lang='lat' dir='ltr'><strong>uon</strong></span> <span class='ocrx_word' id='word_1_455' title='bbox 1569 4289 1677 4361; x_wconf 82' lang='lat' dir='ltr'><strong>longius</strong></span> <span class='ocrx_word' id='word_1_456' title='bbox 1708 4290 1816 4344; x_wconf 90' lang='lat' dir='ltr'><strong>abesset</strong></span> 
     </span>
     <span class='ocr_line' id='line_1_43' title="bbox 525 4371 1847 4445; baseline 0.002 -21"><span class='ocrx_word' id='word_1_457' title='bbox 525 4371 697 4433; x_wconf 67' lang='lat' dir='ltr'><strong>&#39;l&#39;rirhmtnnn</strong></span> <span class='ocrx_word' id='word_1_458' title='bbox 730 4390 808 4445; x_wconf 90' lang='lat' dir='ltr'><strong>quam</strong></span> <span class='ocrx_word' id='word_1_459' title='bbox 833 4373 929 4429; x_wconf 86' lang='lat' dir='ltr'><strong>itinere</strong></span> <span class='ocrx_word' id='word_1_460' title='bbox 952 4392 997 4429; x_wconf 83' lang='lat' dir='ltr'><strong>sex</strong></span> <span class='ocrx_word' id='word_1_461' title='bbox 1020 4375 1139 4434; x_wconf 88' lang='lat' dir='ltr'><strong>dierum,</strong></span> <span class='ocrx_word' id='word_1_462' title='bbox 1164 4382 1193 4427; x_wconf 91' lang='lat' dir='ltr'><strong>ut</strong></span> <span class='ocrx_word' id='word_1_463' title='bbox 1215 4374 1337 4428; x_wconf 88' lang='lat' dir='ltr'><strong>aiebant:</strong></span> <span class='ocrx_word' id='word_1_464' title='bbox 1371 4391 1430 4427; x_wconf 93' lang='lat' dir='ltr'><strong>nam</strong></span> <span class='ocrx_word' id='word_1_465' title='bbox 1460 4373 1521 4429; x_wconf 91' lang='lat' dir='ltr'><strong>illac</strong></span> <span class='ocrx_word' id='word_1_466' title='bbox 1548 4381 1608 4427; x_wconf 88' lang='lat' dir='ltr'><strong>erat</strong></span> <span class='ocrx_word' id='word_1_467' title='bbox 1635 4373 1754 4429; x_wconf 90' lang='lat' dir='ltr'><strong>eundum</strong></span> <span class='ocrx_word' id='word_1_468' title='bbox 1782 4372 1816 4428; x_wconf 90' lang='lat' dir='ltr'><strong>ob</strong></span> <span class='ocrx_word' id='word_1_469' title='bbox 1839 4392 1847 4400; x_wconf 94' lang='lat'><em>·</em></span> 
     </span>
     <span class='ocr_line' id='line_1_44' title="bbox 522 4457 1815 4518; baseline 0.002 -9"><span class='ocrx_word' id='word_1_470' title='bbox 522 4457 735 4512; x_wconf 71' lang='lat' dir='ltr'><strong>Caesariannrum</strong></span> <span class='ocrx_word' id='word_1_471' title='bbox 758 4466 786 4512; x_wconf 92' lang='lat' dir='ltr'><strong>et</strong></span> <span class='ocrx_word' id='word_1_472' title='bbox 808 4458 946 4515; x_wconf 78' lang='lat' dir='ltr'><strong>Gallorum</strong></span> <span class='ocrx_word' id='word_1_473' title='bbox 970 4459 1096 4518; x_wconf 82' lang='lat' dir='ltr'><strong>dissidia:</strong></span> <span class='ocrx_word' id='word_1_474' title='bbox 1120 4458 1159 4511; x_wconf 85' lang='lat' dir='ltr'><strong>sic</strong></span> <span class='ocrx_word' id='word_1_475' title='bbox 1181 4458 1251 4512; x_wconf 90' lang='lat' dir='ltr'><strong>euim</strong></span> <span class='ocrx_word' id='word_1_476' title='bbox 1276 4475 1347 4513; x_wconf 81' lang='lat' dir='ltr'><strong>urrnc</strong></span> <span class='ocrx_word' id='word_1_477' title='bbox 1370 4458 1485 4513; x_wconf 82' lang='lat' dir='ltr'><strong>lriiiumr</strong></span> <span class='ocrx_word' id='word_1_478' title='bbox 1513 4458 1676 4513; x_wconf 88' lang='lat' dir='ltr'><strong>monarchis.</strong></span> <span class='ocrx_word' id='word_1_479' title='bbox 1721 4458 1815 4516; x_wconf 83' lang='lat' dir='ltr'><strong>iuvita·</strong></span> 
     </span>
     <span class='ocr_line' id='line_1_45' title="bbox 522 4540 1815 4615; baseline 0 -19"><span class='ocrx_word' id='word_1_480' title='bbox 522 4541 586 4596; x_wconf 91' lang='lat' dir='ltr'><strong>baut</strong></span> <span class='ocrx_word' id='word_1_481' title='bbox 609 4541 690 4615; x_wconf 83' lang='lat' dir='ltr'><strong>Alpes</strong></span> <span class='ocrx_word' id='word_1_482' title='bbox 713 4559 727 4596; x_wconf 95' lang='lat' dir='ltr'><strong>e</strong></span> <span class='ocrx_word' id='word_1_483' title='bbox 755 4544 911 4615; x_wconf 85' lang='lat' dir='ltr'><strong>propimpro</strong></span> <span class='ocrx_word' id='word_1_484' title='bbox 939 4543 1103 4602; x_wconf 88' lang='lat' dir='ltr'><strong>arridentes,</strong></span> <span class='ocrx_word' id='word_1_485' title='bbox 1133 4541 1348 4597; x_wconf 86' lang='lat' dir='ltr'><strong>dehortabantur</strong></span> <span class='ocrx_word' id='word_1_486' title='bbox 1369 4542 1461 4602; x_wconf 90' lang='lat' dir='ltr'><strong>amici,</strong></span> <span class='ocrx_word' id='word_1_487' title='bbox 1490 4542 1536 4597; x_wconf 86' lang='lat' dir='ltr'><strong>sed</strong></span> <span class='ocrx_word' id='word_1_488' title='bbox 1567 4541 1683 4604; x_wconf 81' lang='lat' dir='ltr'><strong>frustra,</strong></span> <span class='ocrx_word' id='word_1_489' title='bbox 1713 4544 1741 4597; x_wconf 91' lang='lat' dir='ltr'><strong>ni</strong></span> <span class='ocrx_word' id='word_1_490' title='bbox 1763 4540 1815 4598; x_wconf 90' lang='lat' dir='ltr'><strong>cal·</strong></span> 
     </span>
    </p>
   </div>
   <div class='ocr_carea' id='block_1_3' title="bbox 520 4719 1815 4954">
    <p class='ocr_par' dir='ltr' id='par_1_3' title="bbox 520 4719 1815 4954">
     <span class='ocr_line' id='line_1_46' title="bbox 589 4719 1815 4787; baseline 0.002 -18"><span class='ocrx_word' id='word_1_491' title='bbox 589 4719 730 4771; x_wconf 73' lang='lat' dir='ltr'><strong>¹Tbrotta</strong></span> <span class='ocrx_word' id='word_1_492' title='bbox 743 4726 767 4771; x_wconf 83' lang='grc'><strong>1.</strong></span> <span class='ocrx_word' id='word_1_493' title='bbox 805 4723 913 4773; x_wconf 84' lang='lat' dir='ltr'><strong>Gallice</strong></span> <span class='ocrx_word' id='word_1_494' title='bbox 926 4726 1010 4772; x_wconf 83' lang='lat' dir='ltr'><strong>trultc.</strong></span> <span class='ocrx_word' id='word_1_495' title='bbox 1046 4719 1370 4787; x_wconf 61' lang='lat' dir='ltr'><strong>tinsutammteteleoau.</strong></span> <span class='ocrx_word' id='word_1_496' title='bbox 1424 4720 1561 4787; x_wconf 67' lang='lat' dir='ltr'><strong>⁵venet]</strong></span> <span class='ocrx_word' id='word_1_497' title='bbox 1577 4723 1704 4773; x_wconf 81' lang='lat' dir='ltr'><strong>[later-e.</strong></span> <span class='ocrx_word' id='word_1_498' title='bbox 1721 4725 1815 4773; x_wconf 80' lang='lat' dir='ltr'><strong>Zetter·</strong></span> 
     </span>
     <span class='ocr_line' id='line_1_47' title="bbox 520 4805 1813 4887; baseline 0.003 -36"><span class='ocrx_word' id='word_1_499' title='bbox 520 4805 579 4852; x_wconf 82' lang='lat' dir='ltr'><strong>Sec.</strong></span> <span class='ocrx_word' id='word_1_500' title='bbox 593 4870 603 4887; x_wconf 28' lang='lat' dir='ltr'>N</span> <span class='ocrx_word' id='word_1_501' title='bbox 643 4805 799 4872; x_wconf 59' lang='lat' dir='ltr'><strong>&#39;Salduba</strong></span> <span class='ocrx_word' id='word_1_502' title='bbox 819 4806 1012 4870; x_wconf 75' lang='lat' dir='ltr'><strong>Sebafflrauscn.</strong></span> <span class='ocrx_word' id='word_1_503' title='bbox 1067 4805 1088 4839; x_wconf 78' lang='lat'><strong>¹⁸</strong></span> <span class='ocrx_word' id='word_1_504' title='bbox 1107 4809 1168 4856; x_wconf 85' lang='lat' dir='ltr'><strong>Hae</strong></span> <span class='ocrx_word' id='word_1_505' title='bbox 1189 4806 1309 4873; x_wconf 80' lang='lat' dir='ltr'><strong>epistula</strong></span> <span class='ocrx_word' id='word_1_506' title='bbox 1327 4807 1409 4872; x_wconf 82' lang='lat' dir='ltr'><strong>plane</strong></span> <span class='ocrx_word' id='word_1_507' title='bbox 1428 4808 1513 4873; x_wconf 85' lang='lat' dir='ltr'><strong>digna</strong></span> <span class='ocrx_word' id='word_1_508' title='bbox 1526 4812 1569 4856; x_wconf 84' lang='lat' dir='ltr'><strong>est</strong></span> <span class='ocrx_word' id='word_1_509' title='bbox 1581 4809 1660 4857; x_wconf 84' lang='lat' dir='ltr'><strong>sicea</strong></span> <span class='ocrx_word' id='word_1_510' title='bbox 1672 4808 1733 4857; x_wconf 86' lang='lat' dir='ltr'><strong>baee</strong></span> <span class='ocrx_word' id='word_1_511' title='bbox 1747 4824 1813 4856; x_wconf 88' lang='lat' dir='ltr'><strong>rem·</strong></span> 
     </span>
     <span class='ocr_line' id='line_1_48' title="bbox 521 4888 1811 4954; baseline 0.005 -20"><span class='ocrx_word' id='word_1_512' title='bbox 521 4903 572 4950; x_wconf 79' lang='lat' dir='ltr'><strong>qam</strong></span> <span class='ocrx_word' id='word_1_513' title='bbox 592 4890 670 4950; x_wconf 84' lang='lat' dir='ltr'><strong>quasi</strong></span> <span class='ocrx_word' id='word_1_514' title='bbox 690 4890 859 4939; x_wconf 85' lang='lat' dir='ltr'><strong>conlaudans</strong></span> <span class='ocrx_word' id='word_1_515' title='bbox 877 4888 970 4939; x_wconf 82' lang='lat' dir='ltr'><strong>Hussi&#39;</strong></span> <span class='ocrx_word' id='word_1_516' title='bbox 986 4893 1075 4940; x_wconf 85' lang='lat' dir='ltr'><strong>exusti</strong></span> <span class='ocrx_word' id='word_1_517' title='bbox 1099 4891 1324 4941; x_wconf 83' lang='lat' dir='ltr'><strong>conmemoratio.</strong></span> <span class='ocrx_word' id='word_1_518' title='bbox 1388 4890 1411 4923; x_wconf 79' lang='lat'><strong>²⁰</strong></span> <span class='ocrx_word' id='word_1_519' title='bbox 1428 4891 1512 4941; x_wconf 85' lang='lat' dir='ltr'><strong>Mich.</strong></span> <span class='ocrx_word' id='word_1_520' title='bbox 1526 4888 1668 4954; x_wconf 64' lang='lat' dir='ltr'><strong>illimato]</strong></span> <span class='ocrx_word' id='word_1_521' title='bbox 1688 4892 1811 4941; x_wconf 77' lang='lat' dir='ltr'><strong>navens-</strong></span> 
     </span>
    </p>
   </div>
   <div class='ocr_carea' id='block_1_4' title="bbox 519 4972 1812 5104">
    <p class='ocr_par' dir='ltr' id='par_1_4' title="bbox 519 4972 1812 5104">
     <span class='ocr_line' id='line_1_49' title="bbox 519 4972 1812 5040; baseline 0.005 -24"><span class='ocrx_word' id='word_1_522' title='bbox 519 4972 664 5034; x_wconf 78' lang='lat' dir='ltr'><strong>purgeusls</strong></span> <span class='ocrx_word' id='word_1_523' title='bbox 683 4973 783 5021; x_wconf 81' lang='lat' dir='ltr'><strong>rnedici</strong></span> <span class='ocrx_word' id='word_1_524' title='bbox 802 4972 941 5022; x_wconf 82' lang='lat' dir='ltr'><strong>Gabrielis</strong></span> <span class='ocrx_word' id='word_1_525' title='bbox 958 4974 995 5022; x_wconf 89' lang='lat' dir='ltr'><strong>H.</strong></span> <span class='ocrx_word' id='word_1_526' title='bbox 1015 4974 1114 5034; x_wconf 78' lang='lat' dir='ltr'><strong>frater,</strong></span> <span class='ocrx_word' id='word_1_527' title='bbox 1141 4976 1250 5039; x_wconf 81' lang='lat' dir='ltr'><strong>opinor,</strong></span> <span class='ocrx_word' id='word_1_528' title='bbox 1276 4976 1484 5040; x_wconf 80' lang='lat' dir='ltr'><strong>grammaticam</strong></span> <span class='ocrx_word' id='word_1_529' title='bbox 1504 4975 1632 5025; x_wconf 75' lang='lat' dir='ltr'><strong>Graecam</strong></span> <span class='ocrx_word' id='word_1_530' title='bbox 1650 4975 1812 5040; x_wconf 83' lang='lat' dir='ltr'><strong>composuit.</strong></span> 
     </span>
     <span class='ocr_line' id='line_1_50' title="bbox 520 5052 823 5104; baseline 0 -3"><span class='ocrx_word' id='word_1_531' title='bbox 520 5053 606 5101; x_wconf 80' lang='lat' dir='ltr'><strong>oasa.</strong></span> <span class='ocrx_word' id='word_1_532' title='bbox 623 5052 696 5103; x_wconf 67' lang='lat' dir='ltr'><strong>leat.</strong></span> <span class='ocrx_word' id='word_1_533' title='bbox 715 5055 751 5104; x_wconf 81' lang='lat'><strong>8⁰.</strong></span> <span class='ocrx_word' id='word_1_534' title='bbox 820 5097 823 5101; x_wconf 16' lang='lat' dir='ltr'><strong>a</strong></span> 
     </span>
    </p>
   </div>
   <div class='ocr_carea' id='block_1_5' title="bbox 0 0 2199 6084">
    <p class='ocr_par' dir='ltr' id='par_1_5' title="bbox 0 0 2199 6084">
     <span class='ocr_line' id='line_1_51' title="bbox 0 0 2199 6084; baseline 0 0"><span class='ocrx_word' id='word_1_535' title='bbox 0 0 2199 6084; x_wconf 95' lang='lat' dir='ltr'><strong> </strong></span> 
     </span>
    </p>
   </div>
  </div>
 </body>
</html>
