4367 6084
528 691 728 741 cccxxxln.
748 704 868 739 aeonem
882 704 986 739 satsat
999 703 1143 739 novennes
1157 702 1331 737 inessemus
1345 701 1479 738 sverm.
1586 674 1660 746 289
1726 734 1729 742 ,

352 861 431 920 bene
450 862 531 920 dicta
551 862 678 921 lutheri
700 861 856 935 depravet,
877 841 1124 934 quemadmodum
1143 859 1266 931 faciunt
1286 837 1374 917 multi
1378 903 1385 929 ,
1405 875 1459 917 nec
1480 860 1585 918 stolide
1607 878 1660 919 ro-

352 963 506 1035 ciseretur
528 966 558 1021 in
581 978 758 1035 quenquam.
795 969 875 1021 certe
896 961 972 1019 nibil
992 963 1090 1019 minus
1111 966 1155 1019 esl
1181 976 1271 1033 quam
1299 963 1479 1020 curtisanus.
1522 968 1551 1021 el
1572 964 1660 1022 liuius

354 1068 418 1123 uiri
437 1082 542 1124 nornen
565 1064 711 1122 Huttcnus
734 1073 794 1122 tam
817 1065 896 1122 illato
917 1079 1051 1122 sermone
1073 1069 1158 1120 tanta
1169 1064 1352 1136 perstrinqit
1370 1063 1548 1134 acerbitate,
1572 1067 1661 1137 quasi

350 1163 476 1241 patrem
495 1169 589 1241 ipsius
610 1174 759 1234 necasset,
792 1180 859 1223 curn
880 1167 930 1225 ille
952 1180 1104 1237 nunquam
1132 1164 1217 1222 aerbo
1247 1165 1359 1222 ioeserlt
1379 1162 1504 1222 Hutteni
1529 1168 1658 1223 aeirem

330 1271 408 1327 sset
428 1285 533 1327 nomen
555 1270 600 1326 uel
620 1269 758 1326 amicum.
791 1257 871 1325 Huic
892 1268 1032 1339 adiunqit
1051 1265 1196 1323 Ioannem
1215 1265 1424 1337 Gebailerium,
1446 1268 1543 1338 qualis
1565 1277 1727 1339 qua-§.tou

355 1372 395 1428 lis
416 1376 473 1441 est,
495 1369 612 1442 quiduis
630 1371 732 1442 potius
753 1384 842 1441 quam
863 1371 1066 1427 curtisunum:
1087 1369 1205 1439 quicum
1228 1367 1301 1424 mibi
1320 1383 1412 1439 nsque
1430 1367 1506 1425 adeo
1523 1368 1600 1426 nibil
1617 1377 1662 1429 cst

353 1469 591 1542 familiaritatis,
622 1476 656 1528 ut
676 1487 731 1528 uec
753 1471 803 1528 ille
824 1485 956 1542 unquam
977 1470 1078 1536 viserit
1099 1469 1179 1526 eccles
1200 1485 1296 1539 nnus,
1319 1477 1348 1527 et
1363 1484 1422 1541 epo
1443 1471 1524 1528 n'llius
1544 1487 1581 1529 ue
1602 1487 1659 1528 no—

316 1596 318 1601 *
358 1573 451 1630 aerim
473 1572 605 1645 quidem,
638 1578 800 1644 neuterque
823 1573 913 1629 alteri
932 1573 978 1628 ael
997 1573 1027 1628 in
1051 1574 1099 1628 rna
1118 1574 1157 1630 sit
1181 1586 1313 1643 unquam
1340 1572 1471 1637 loculus·
1502 1581 1532 1629 ct
1560 1579 1658 1629 tamen

358 1676 401 1731 ita
419 1673 524 1732 scribit
544 1673 691 1731 Huttenus
713 1674 790 1729 male
812 1673 933 1730 edoctus
953 1688 973 1729 a
997 1688 1050 1730 suo
1071 1679 1242 1745 suqqestore
1268 1675 1371 1744 ‘Atque
1392 1672 1444 1731 ltus
1467 1672 1557 1731 babes
1579 1674 1660 1732 domi

317 1788 346 1826 ιο
359 1782 443 1846 nuce,
476 1790 542 1833 cum
568 1790 614 1832 me
640 1774 793 1845 excludis,
825 1780 855 1832 et
881 1774 1060 1847 quotidianis
1088 1773 1379 1845 confabulationibus
1406 1773 1562 1847 di'qnaris'.
1602 1776 1726 1836 lienus.

360 1876 526 1934 Gebeilerio
548 1876 616 1935 dici
636 1893 704 1950 quie
727 1876 800 1934 mitit
819 1879 858 1933 sit
871 1892 991 1955 cumea
1004 1875 1221 1947 familiaritas·
1243 1875 1344 1934 Berus
1358 1878 1471 1934 amicus
1489 1893 1526 1935 ac
1546 1879 1659 1936 mainus

357 1981 449 2036 etiam
472 1993 685 2052 nonuunquam
707 1979 758 2036 uin
775 1979 858 2035 iutra
881 1976 955 2034 duos
973 1993 1085 2036 ntenses
1107 1994 1153 2035 me
1174 1979 1263 2037 semel
1284 1979 1389 2036 invisit.
1429 1977 1659 2052 Oquatidianas
1744 1966 1746 1971 ’

357 2075 634 2152 confabulationes!
651 2079 705 2138 sed
719 2079 793 2151 quid
807 2081 935 2153 >imputes
948 2074 1098 2137 liutteua?
1119 2081 1162 2137 sic
1180 2081 1226 2137 illi
1241 2079 1390 2137 detulerat
1403 2079 1553 2152 clioraqus
1569 2081 1658 2140 liuius

354 2181 484 2253 scalada.
522 2181 600 2251 Ouid
620 2180 790 2253 coqitabunt
810 2181 876 2240 boec
896 2183 1038 2253 tepentes,
1063 2182 1115 2253 qui
1134 2196 1198 2238 rem
1222 2176 1387 2239 rtaoerunt?
1409 2181 1470 2239 Sed
1482 2182 1724 2254 anonumum.

319 2300 347 2339 ss
360 2283 601 2354 Ecmondonum,
635 2283 770 2340 Atensem
796 2285 866 2340 olim
889 2283 1081 2355 vituperatos,
1115 2298 1195 2340 nurse
1222 2285 1337 2356 partim
1364 2281 1513 2356 ambipue,
1540 2288 1655 2358 partim

358 2386 475 2458 oblique
495 2392 591 2443 tracto
612 2386 642 2442 in
663 2385 803 2458 epistolis.
851 2384 921 2441 Cum
942 2390 1019 2441 essct
1037 2385 1114 2441 inter
1136 2399 1189 2441 nos
1205 2383 1309 2455 sadus
1327 2371 1470 2442 adrasus
1485 2385 1579 2445 bostes
1594 2389 1657 2444 tin-

356 2502 487 2559 quarum
509 2492 538 2544 et
559 2485 701 2544 bonorum
722 2488 894 2556 literarum,
919 2485 1021 2556 fateor
1043 2502 1089 2544 me
1110 2501 1324 2559 nonnunquam
1351 2492 1566 2587 questumqper
1590 2492 1657 2561 epi-

358 2591 449 2647 stolas
471 2588 556 2662 apud
575 2591 684 2646 amicos
707 2588 744 2644 de
765 2586 950 2660 quorundam
970 2590 1123 2660 pertinaci
1138 2591 1358 2662 conspiratione
1372 2589 1517 2646 aduersus
1533 2591 1657 2647 meliora

358 2690 477 2756 studia·
508 2697 539 2747 et
559 2691 601 2748 ita
623 2705 689 2746 cum
712 2691 770 2746 illis
792 2689 898 2747 bellum
918 2691 998 2760 pessi
1004 2733 1011 2760 ‚
1044 2696 1076 2747 ut
1096 2705 1212 2764 semper
1233 2707 1324 2748 essem
1341 2705 1511 2763 propassus
1532 2691 1576 2747 ad
1594 2707 1655 2764 pa—

319 2806 347 2846 ro
359 2807 437 2864 cem,
467 2793 496 2849 si
514 2794 696 2863 contiqisset:
730 2793 829 2864 itaque
848 2806 868 2846 a
889 2790 1011 2848 Latomo
1031 2806 1149 2865 semper
1170 2794 1346 2866 temperari,
1375 2808 1503 2865 sperans
1521 2791 1592 2863 fore
1614 2799 1724 2856 utensi.

359 2893 525 2961 desineret·
560 2892 753 2951 Ecmoudono
774 2908 926 2965 nunquam
949 2893 1100 2951 blanditus
1123 2909 1207 2963 sum,
1240 2894 1355 2952 Atensis
1376 2896 1422 2951 uir
1442 2902 1510 2952 erat
1530 2911 1584 2953 uec
1606 2897 1657 2952 in-

358 2995 509 3053 bumanus
529 3011 584 3053 nec
605 2996 723 3067 iniquus
744 2993 834 3071 bonis
848 2996 958 3079 literis,
986 2994 1041 3052 sed
1061 2995 1179 3067 inqenio
1199 2996 1341 3062 iritabiti,·
1368 2997 1467 3068 itaque
1482 3011 1544 3068 per
1565 3012 1656 3069 qnos-

358 3097 429 3154 dam
453 3096 611 3154 monacbos
633 3112 671 3153 ac
692 3096 839 3168 tbcoloqos
857 3105 1017 3169 protrusus
1039 3101 1095 3166 est,
1120 3101 1153 3153 ut
1173 3106 1275 3167 aperet
1296 3097 1428 3154 odiosam
1447 3095 1604 3167 fabulam·
1628 3105 1659 3156 et

358 3199 412 3271 qui
442 3196 500 3255 buc
526 3197 694 3270 adeqerunt
719 3197 878 3269 bominem,
910 3198 1014 3256 eadem
1042 3213 1142 3271 opera·
1164 3198 1332 3269 adeqerunt
1357 3199 1386 3254 in
1419 3203 1558 3255 mortem:
1590 3205 1657 3255 crat

323 3301 438 3357 nsenim
472 3298 610 3358 imbecilli
636 3299 805 3357 cratetudinc
837 3304 867 3357 et
896 3301 952 3357 irae
985 3299 1157 3372 impatiens,
1190 3299 1310 3357 triturae
1337 3299 1472 3372 insolens.
1519 3313 1557 3354 ac
1577 3305 1723 3372 positus.

358 3400 590 3462 huiusmortem
612 3403 742 3459 maxime
763 3402 855 3474 capit
874 3417 911 3458 ea
932 3400 1081 3472 traqoediu
1104 3399 1326 3469 incrudescere,
1348 3404 1381 3457 ut
1404 3400 1553 3469 intelliqas
1573 3401 1654 3481 illum

358 3503 453 3561 mata
473 3503 667 3561 moderatum.
708 3518 802 3576 porro
822 3501 903 3575 qnod
923 3502 960 3558 de
981 3517 1015 3559 eo
1036 3503 1159 3575 scripsi,
1184 3502 1268 3559 illum
1289 3501 1327 3559 ob
1348 3499 1480 3559 ominbus
1501 3515 1563 3557 esse
1583 3502 1656 3557 lau-

358 3605 560 3675 datissimum,
592 3622 647 3663 nec
667 3619 798 3678 uniquam
821 3612 918 3662 tamen
940 3606 1013 3662 satis
1039 3604 1211 3673 laudatum,
1243 3603 1298 3661 boc
1326 3604 1415 3661 etiam
1445 3603 1504 3674 ipsi
1530 3601 1658 3672 ttuotoqi

357 3705 555 3764 Louauienses
576 3723 643 3765 eum
662 3709 726 3765 risu
746 3709 897 3778 leaauat:
918 3705 1102 3764 laudabatur
1123 3706 1200 3763 enim
1224 3705 1354 3778 quotidie
1375 3703 1543 3762 solennibus
1563 3718 1655 3761 enco-

323 3811 425 3868 umiis
449 3811 479 3866 in
501 3809 616 3881 scbola,
639 3817 781 3883 tanquam
803 3809 1066 3867 vicecancellarius
1087 3810 1151 3867 elus
1168 3806 1343 3865 academia.
1378 3805 1457 3864 Mibi
1476 3815 1556 3865 certe
1577 3805 1656 3878 quod

357 3911 402 3968 ad
422 3912 516 3984 ipsius
535 3917 675 3969 oraturam
699 3910 853 3983 attinebat,
888 3927 947 3968 non
968 3918 1037 3967 erat
1061 3911 1196 3983 iniquus,
1227 3910 1280 3981 qui
1305 3909 1383 3966 solus
1409 3909 1538 3966 omnium
1568 3916 1656 3966 autor

354 4011 420 4083 suit
440 4015 527 4086 pacis
549 4029 615 4072 curn
644 4013 784 4085 tbeoloqis
810 4013 998 4081 sarciendce;
1031 4012 1168 4070 doctrina
1195 4011 1363 4083 iudicioque
1386 3992 1482 4082 lonqo'
1502 4012 1656 4068 interuallo

355 4115 522 4189 superabat
548 4130 663 4182 omnes,·
692 4115 766 4172 mibi
785 4117 947 4173 moriturus
966 4116 1055 4173 etiarn
1077 4112 1278 4171 metariciabat
1295 4129 1403 4186 pacem
1429 4120 1459 4170 et
1484 4114 1654 4183 amicitiam,

357 4216 439 4288 quod
457 4216 500 4273 ad
519 4218 615 4289 ipsum
637 4219 784 4275 attineret.
829 4216 963 4288 lienique
984 4198 1286 4285 ceretur‘lluttenus‚
1306 4231 1343 4272 ne
1363 4229 1430 4273 cum
1448 4213 1507 4272 Leo
1529 4229 1643 4286 qnoque
1655 4227 1722 4276 §.ssu

322 4320 389 4376 :isin
410 4320 542 4390 qratiam
564 4319 696 4377 redeam.
738 4318 799 4377 b'ec
818 4319 852 4376 id
869 4333 1021 4388 qraanrer
1041 4316 1161 4387 facere,
1186 4317 1285 4374 dicam
1305 4318 1383 4373 enim
1403 4318 1543 4386 inspersae,
1563 4317 1591 4371 si
1606 4316 1655 4371 ille

359 4421 533 4479 declararet
551 4421 682 4480 animum
704 4421 835 4478 amicitia
864 4420 1007 4491 diqnum,·
1037 4407 1168 4476 salutavi
1193 4418 1338 4475 imminem
1369 4415 1474 4474 Catetii
1495 4413 1577 4485 sorte
1602 4414 1657 4471 ob-

357 4525 436 4581 uium
465 4529 495 4580 et
518 4523 657 4582 dextram
680 4523 799 4582 dentrce
823 4521 928 4589 iunxi·
960 4520 1034 4594 quid
1060 4522 1093 4577 ni
1118 4534 1186 4578 cum
1211 4521 1270 4577 iam
1298 4520 1377 4576 inter
1401 4532 1454 4573 nos
1481 4515 1656 4573 debellatum

426 4756 552 4825 'scrib.]
583 4760 697 4825 Expost.
714 4760 737 4820 5.
755 4758 811 4807 140.
882 4754 902 4786 ¹³
921 4751 1068 4818 choragus]
1100 4753 1176 4802 Satis
1199 4756 1293 4801 notum
1317 4756 1359 4800 est
1383 4751 1411 4798 in
1430 4749 1656 4815 Eppendorffium

356 4845 459 4910 stringi
478 4844 527 4893 hos
546 4858 700 4894 mucrones.
737 4840 757 4873 ¹⁴
775 4843 888 4906 Expost.
903 4841 925 4899 ξ.
941 4838 997 4887 141.
1034 4834 1054 4868 ²¹
1074 4837 1170 4902 Neque
1186 4835 1320 4887 Nicolaus
1337 4835 1532 4900 Egmondanus
1545 4833 1656 4883 Carmo·

357 4930 410 4978 lita
423 4930 539 4978 Erusmo
557 4944 685 4993 umquam
704 4927 845 4976 blanditus
865 4929 920 4983 est,
941 4923 989 4989 scd
1008 4921 1146 4986 superbiae
1166 4937 1227 4970 eum
1246 4936 1279 4970 uc
1298 4920 1497 4969 mendacitatis
1515 4933 1590 4967 reum
1602 4920 1653 4967 Lo·

330 5066 335 5075 ,
356 5015 436 5065 venii
451 5014 567 5063 fecerat.
604 5010 626 5045 ²²
639 5010 744 5076 iritab.]
758 5027 807 5060 nina
820 5026 832 5059 r
844 5013 881 5058 uti
891 5007 988 5059 solebat
1001 5006 1115 5056 Frobeni
1126 5009 1171 5072 off.
1185 5011 1210 5055 in
1222 5007 1270 5054 bac
1282 5005 1368 5055 vocab.
1403 5002 1426 5036 ³⁴
1439 5006 1552 5070 Expost.
1566 5004 1590 5065 θ.
1601 5002 1656 5057 143.

419 5100 554 5151 ansnm
569 5098 637 5148 Ore.
652 5113 716 5148 von.
731 5097 768 5148 11.
1402 5089 1439 5150 19
