<?xml version="1.0" encoding="UTF-8"?>
<!DOCTYPE html PUBLIC "-//W3C//DTD XHTML 1.0 Transitional//EN"
    "http://www.w3.org/TR/xhtml1/DTD/xhtml1-transitional.dtd">
<html xmlns="http://www.w3.org/1999/xhtml" xml:lang="en" lang="en">
 <head>
  <title>
</title>
<meta http-equiv="Content-Type" content="text/html;charset=utf-8" />
  <meta name='ocr-system' content='tesseract 3.04.00' />
  <meta name='ocr-capabilities' content='ocr_page ocr_carea ocr_par ocr_line ocrx_word'/>
</head>
<body>
  <div class='ocr_page' id='page_1' title='image "./ulrichihuttenie02huttgoog_0085.png"; bbox 0 0 4367 6084; ppageno 0'>
   <div class='ocr_carea' id='block_1_1' title="bbox 556 665 1683 742">
    <p class='ocr_par' dir='ltr' id='par_1_1' title="bbox 556 665 1683 742">
     <span class='ocr_line' id='line_1_1' title="bbox 556 665 1683 742; baseline 0.006 -7"><span class='ocrx_word' id='word_1_1' title='bbox 556 665 603 739; x_wconf 76' lang='grc'><strong>74</strong></span> <span class='ocrx_word' id='word_1_2' title='bbox 719 683 841 737; x_wconf 78' lang='lat' dir='ltr'><strong>ccum.</strong></span> <span class='ocrx_word' id='word_1_3' title='bbox 855 701 977 737; x_wconf 76' lang='lat' dir='ltr'><strong>averem</strong></span> <span class='ocrx_word' id='word_1_4' title='bbox 990 703 1027 739; x_wconf 74' lang='lat' dir='ltr'><strong>uu</strong></span> <span class='ocrx_word' id='word_1_5' title='bbox 1040 704 1103 740; x_wconf 77' lang='lat' dir='ltr'><strong>son.</strong></span> <span class='ocrx_word' id='word_1_6' title='bbox 1117 703 1607 742; x_wconf 73' lang='lat' dir='ltr'><strong>unsernxuonrar.nnsr0uson1rrr.</strong></span> <span class='ocrx_word' id='word_1_7' title='bbox 1624 699 1683 742; x_wconf 74' lang='lat' dir='ltr'><strong>taut.</strong></span> 
     </span>
    </p>
   </div>
   <div class='ocr_carea' id='block_1_2' title="bbox 627 856 1680 4702">
    <p class='ocr_par' dir='ltr' id='par_1_2' title="bbox 627 856 1680 4702">
     <span class='ocr_line' id='line_1_2' title="bbox 655 856 1680 945; baseline 0.007 -27"><span class='ocrx_word' id='word_1_8' title='bbox 655 942 659 945; x_wconf 16' lang='grc' dir='ltr'><strong><em>ι</em></strong></span> <span class='ocrx_word' id='word_1_9' title='bbox 706 856 839 936; x_wconf 88' lang='lat' dir='ltr'><strong>Namque</strong></span> <span class='ocrx_word' id='word_1_10' title='bbox 861 878 945 920; x_wconf 88' lang='lat' dir='ltr'><strong>meus</strong></span> <span class='ocrx_word' id='word_1_11' title='bbox 966 859 1051 920; x_wconf 88' lang='lat' dir='ltr'><strong>labor</strong></span> <span class='ocrx_word' id='word_1_12' title='bbox 1074 868 1119 921; x_wconf 87' lang='lat' dir='ltr'><strong>est</strong></span> <span class='ocrx_word' id='word_1_13' title='bbox 1139 868 1253 922; x_wconf 90' lang='lat' dir='ltr'><strong>tantum</strong></span> <span class='ocrx_word' id='word_1_14' title='bbox 1275 868 1339 931; x_wconf 88' lang='lat' dir='ltr'><strong>toa,</strong></span> <span class='ocrx_word' id='word_1_15' title='bbox 1363 861 1493 931; x_wconf 79' lang='lat' dir='ltr'>Christe,</span> <span class='ocrx_word' id='word_1_16' title='bbox 1518 860 1680 935; x_wconf 65' lang='lat' dir='ltr'><strong>uoluntas,&gt;</strong></span> 
     </span>
     <span class='ocr_line' id='line_1_3' title="bbox 652 941 1613 1040; baseline 0.003 -20"><span class='ocrx_word' id='word_1_17' title='bbox 652 941 677 981; x_wconf 71' lang='lat'><strong>⁵⁸</strong></span> <span class='ocrx_word' id='word_1_18' title='bbox 762 960 845 1020; x_wconf 85' lang='lat' dir='ltr'><strong>luxta</strong></span> <span class='ocrx_word' id='word_1_19' title='bbox 868 964 953 1023; x_wconf 88' lang='lat' dir='ltr'><strong>cuius</strong></span> <span class='ocrx_word' id='word_1_20' title='bbox 976 961 1031 1040; x_wconf 86' lang='lat' dir='ltr'><strong>ego</strong></span> <span class='ocrx_word' id='word_1_21' title='bbox 1056 971 1120 1024; x_wconf 87' lang='lat' dir='ltr'><strong>vota</strong></span> <span class='ocrx_word' id='word_1_22' title='bbox 1143 965 1277 1024; x_wconf 79' lang='lat' dir='ltr'><strong>minister</strong></span> <span class='ocrx_word' id='word_1_23' title='bbox 1299 981 1365 1040; x_wconf 86' lang='lat' dir='ltr'><strong>ago.</strong></span> <span class='ocrx_word' id='word_1_24' title='bbox 1606 946 1613 954; x_wconf 49' lang='grc'><em>’</em></span> 
     </span>
     <span class='ocr_line' id='line_1_4' title="bbox 705 1059 1470 1125; baseline 0.007 -6"><span class='ocrx_word' id='word_1_25' title='bbox 705 1059 771 1121; x_wconf 85' lang='lat' dir='ltr'><strong>Sive</strong></span> <span class='ocrx_word' id='word_1_26' title='bbox 794 1063 874 1124; x_wconf 88' lang='lat' dir='ltr'><strong>voles</strong></span> <span class='ocrx_word' id='word_1_27' title='bbox 895 1065 1045 1125; x_wconf 83' lang='lat' dir='ltr'><strong>Thuscum</strong></span> <span class='ocrx_word' id='word_1_28' title='bbox 1067 1065 1202 1125; x_wconf 87' lang='lat' dir='ltr'><strong>admoliri</strong></span> <span class='ocrx_word' id='word_1_29' title='bbox 1226 1064 1318 1125; x_wconf 82' lang='lat' dir='ltr'><strong>vinela</strong></span> <span class='ocrx_word' id='word_1_30' title='bbox 1340 1065 1470 1124; x_wconf 80' lang='lat' dir='ltr'>Leonem</span> 
     </span>
     <span class='ocr_line' id='line_1_5' title="bbox 761 1166 1432 1244; baseline 0.001 -19"><span class='ocrx_word' id='word_1_31' title='bbox 761 1166 812 1226; x_wconf 89' lang='lat' dir='ltr'><strong>llis</strong></span> <span class='ocrx_word' id='word_1_32' title='bbox 834 1168 985 1235; x_wconf 88' lang='lat' dir='ltr'><strong>manibus,</strong></span> <span class='ocrx_word' id='word_1_33' title='bbox 1009 1169 1119 1228; x_wconf 83' lang='lat' dir='ltr'><strong>[rostra</strong></span> <span class='ocrx_word' id='word_1_34' title='bbox 1141 1167 1321 1228; x_wconf 71' lang='lat' dir='ltr'><strong>liberalius</strong></span> <span class='ocrx_word' id='word_1_35' title='bbox 1343 1185 1432 1244; x_wconf 87' lang='lat' dir='ltr'><strong>paro,</strong></span> 
     </span>
     <span class='ocr_line' id='line_1_6' title="bbox 706 1266 1403 1348; baseline 0.004 -24"><span class='ocrx_word' id='word_1_36' title='bbox 706 1266 771 1327; x_wconf 87' lang='lat' dir='ltr'><strong>Sire</strong></span> <span class='ocrx_word' id='word_1_37' title='bbox 793 1287 859 1328; x_wconf 91' lang='lat' dir='ltr'><strong>meo</strong></span> <span class='ocrx_word' id='word_1_38' title='bbox 883 1269 980 1329; x_wconf 89' lang='lat' dir='ltr'><strong>Latios</strong></span> <span class='ocrx_word' id='word_1_39' title='bbox 1003 1270 1115 1331; x_wconf 79' lang='lat' dir='ltr'><strong>devinci</strong></span> <span class='ocrx_word' id='word_1_40' title='bbox 1139 1270 1231 1330; x_wconf 86' lang='lat' dir='ltr'><strong>llarte</strong></span> <span class='ocrx_word' id='word_1_41' title='bbox 1254 1269 1403 1348; x_wconf 76' lang='lat' dir='ltr'><strong>cynaedos,</strong></span> 
     </span>
     <span class='ocr_line' id='line_1_7' title="bbox 651 1367 1549 1450; baseline 0.002 -22"><span class='ocrx_word' id='word_1_42' title='bbox 651 1388 677 1428; x_wconf 78' lang='lat' dir='ltr'><strong>ua</strong></span> <span class='ocrx_word' id='word_1_43' title='bbox 761 1369 836 1430; x_wconf 84' lang='lat' dir='ltr'><strong>llenl</strong></span> <span class='ocrx_word' id='word_1_44' title='bbox 858 1389 1074 1450; x_wconf 75' lang='lat' dir='ltr'><strong>quamcumque</strong></span> <span class='ocrx_word' id='word_1_45' title='bbox 1097 1371 1211 1448; x_wconf 85' lang='lat' dir='ltr'><strong>lugam,</strong></span> <span class='ocrx_word' id='word_1_46' title='bbox 1235 1370 1315 1431; x_wconf 89' lang='lat' dir='ltr'><strong>nulla</strong></span> <span class='ocrx_word' id='word_1_47' title='bbox 1336 1367 1463 1431; x_wconf 85' lang='lat' dir='ltr'><strong>salubris</strong></span> <span class='ocrx_word' id='word_1_48' title='bbox 1486 1372 1549 1431; x_wconf 89' lang='lat' dir='ltr'><strong>erit.</strong></span> 
     </span>
     <span class='ocr_line' id='line_1_8' title="bbox 704 1470 1547 1553; baseline 0.004 -24"><span class='ocrx_word' id='word_1_49' title='bbox 704 1470 761 1531; x_wconf 89' lang='lat' dir='ltr'><strong>Sed</strong></span> <span class='ocrx_word' id='word_1_50' title='bbox 784 1478 816 1532; x_wconf 90' lang='lat' dir='ltr'><strong>tu</strong></span> <span class='ocrx_word' id='word_1_51' title='bbox 838 1478 938 1531; x_wconf 90' lang='lat' dir='ltr'><strong>nostra</strong></span> <span class='ocrx_word' id='word_1_52' title='bbox 961 1473 1060 1533; x_wconf 85' lang='lat' dir='ltr'><strong>sarens</strong></span> <span class='ocrx_word' id='word_1_53' title='bbox 1082 1480 1177 1553; x_wconf 73' lang='lat' dir='ltr'><strong>coepta</strong></span> <span class='ocrx_word' id='word_1_54' title='bbox 1200 1480 1231 1533; x_wconf 92' lang='lat' dir='ltr'><strong>ut</strong></span> <span class='ocrx_word' id='word_1_55' title='bbox 1254 1472 1423 1534; x_wconf 88' lang='lat' dir='ltr'><strong>melioribus</strong></span> <span class='ocrx_word' id='word_1_56' title='bbox 1445 1473 1547 1542; x_wconf 90' lang='lat' dir='ltr'><strong>armis,</strong></span> 
     </span>
     <span class='ocr_line' id='line_1_9' title="bbox 760 1572 1451 1652; baseline 0.001 -20"><span class='ocrx_word' id='word_1_57' title='bbox 760 1572 890 1642; x_wconf 81' lang='lat' dir='ltr'><strong>Christe,</strong></span> <span class='ocrx_word' id='word_1_58' title='bbox 914 1575 994 1643; x_wconf 86' lang='lat' dir='ltr'><strong>iura,</strong></span> <span class='ocrx_word' id='word_1_59' title='bbox 1018 1573 1152 1634; x_wconf 83' lang='lat' dir='ltr'><strong>dedimus</strong></span> <span class='ocrx_word' id='word_1_60' title='bbox 1174 1573 1288 1652; x_wconf 77' lang='lat' dir='ltr'><strong>legibus</strong></span> <span class='ocrx_word' id='word_1_61' title='bbox 1309 1575 1356 1634; x_wconf 90' lang='lat' dir='ltr'><strong>illa</strong></span> <span class='ocrx_word' id='word_1_62' title='bbox 1379 1574 1451 1642; x_wconf 88' lang='lat' dir='ltr'><strong>tuis;</strong></span> 
     </span>
     <span class='ocr_line' id='line_1_10' title="bbox 704 1674 1473 1745; baseline 0.003 -12"><span class='ocrx_word' id='word_1_63' title='bbox 704 1674 764 1734; x_wconf 86' lang='lat' dir='ltr'><strong>Nec</strong></span> <span class='ocrx_word' id='word_1_64' title='bbox 787 1694 835 1734; x_wconf 91' lang='lat' dir='ltr'><strong>me</strong></span> <span class='ocrx_word' id='word_1_65' title='bbox 857 1695 960 1736; x_wconf 88' lang='lat' dir='ltr'><strong>caussa</strong></span> <span class='ocrx_word' id='word_1_66' title='bbox 982 1684 1094 1745; x_wconf 80' lang='lat' dir='ltr'><strong>moret,</strong></span> <span class='ocrx_word' id='word_1_67' title='bbox 1117 1676 1203 1736; x_wconf 91' lang='lat' dir='ltr'><strong>liceat</strong></span> <span class='ocrx_word' id='word_1_68' title='bbox 1226 1684 1254 1736; x_wconf 91' lang='lat' dir='ltr'><strong>te</strong></span> <span class='ocrx_word' id='word_1_69' title='bbox 1277 1683 1350 1735; x_wconf 89' lang='lat' dir='ltr'><strong>teste</strong></span> <span class='ocrx_word' id='word_1_70' title='bbox 1374 1676 1473 1743; x_wconf 89' lang='lat' dir='ltr'><strong>lateri,</strong></span> 
     </span>
     <span class='ocr_line' id='line_1_11' title="bbox 648 1776 1427 1858; baseline 0 -21"><span class='ocrx_word' id='word_1_71' title='bbox 648 1796 672 1837; x_wconf 80' lang='lat' dir='ltr'><strong>ee</strong></span> <span class='ocrx_word' id='word_1_72' title='bbox 758 1776 836 1847; x_wconf 90' lang='lat' dir='ltr'><strong>Ulla,</strong></span> <span class='ocrx_word' id='word_1_73' title='bbox 860 1778 915 1837; x_wconf 89' lang='lat' dir='ltr'><strong>nisi</strong></span> <span class='ocrx_word' id='word_1_74' title='bbox 937 1780 1046 1855; x_wconf 85' lang='lat' dir='ltr'><strong>patitur</strong></span> <span class='ocrx_word' id='word_1_75' title='bbox 1068 1779 1147 1858; x_wconf 91' lang='lat' dir='ltr'><strong>quod</strong></span> <span class='ocrx_word' id='word_1_76' title='bbox 1169 1787 1219 1839; x_wconf 90' lang='lat' dir='ltr'><strong>tua</strong></span> <span class='ocrx_word' id='word_1_77' title='bbox 1241 1780 1323 1840; x_wconf 86' lang='lat' dir='ltr'><strong>triste</strong></span> <span class='ocrx_word' id='word_1_78' title='bbox 1346 1779 1427 1838; x_wconf 83' lang='lat' dir='ltr'><strong>sides.</strong></span> 
     </span>
     <span class='ocr_line' id='line_1_12' title="bbox 703 1877 1381 1959; baseline 0.001 -21"><span class='ocrx_word' id='word_1_79' title='bbox 703 1877 746 1938; x_wconf 88' lang='lat' dir='ltr'><strong>En</strong></span> <span class='ocrx_word' id='word_1_80' title='bbox 770 1880 858 1957; x_wconf 87' lang='lat' dir='ltr'><strong>igitur</strong></span> <span class='ocrx_word' id='word_1_81' title='bbox 880 1880 1006 1958; x_wconf 87' lang='lat' dir='ltr'><strong>fideique</strong></span> <span class='ocrx_word' id='word_1_82' title='bbox 1028 1886 1086 1939; x_wconf 76' lang='lat' dir='ltr'><strong>tuae</strong></span> <span class='ocrx_word' id='word_1_83' title='bbox 1108 1881 1240 1959; x_wconf 82' lang='lat' dir='ltr'><strong>rotisque</strong></span> <span class='ocrx_word' id='word_1_84' title='bbox 1261 1888 1381 1941; x_wconf 89' lang='lat' dir='ltr'><strong>tuorum</strong></span> 
     </span>
     <span class='ocr_line' id='line_1_13' title="bbox 758 1979 1518 2061; baseline 0 -21"><span class='ocrx_word' id='word_1_85' title='bbox 758 1981 866 2041; x_wconf 78' lang='lat' dir='ltr'><strong>llerter</strong></span> <span class='ocrx_word' id='word_1_86' title='bbox 888 1982 971 2051; x_wconf 89' lang='lat' dir='ltr'><strong>ades,</strong></span> <span class='ocrx_word' id='word_1_87' title='bbox 996 1982 1110 2042; x_wconf 85' lang='lat' dir='ltr'><strong>videant</strong></span> <span class='ocrx_word' id='word_1_88' title='bbox 1134 1989 1161 2042; x_wconf 91' lang='lat' dir='ltr'><strong>te</strong></span> <span class='ocrx_word' id='word_1_89' title='bbox 1184 2001 1302 2061; x_wconf 94' lang='lat' dir='ltr'><strong>quoque</strong></span> <span class='ocrx_word' id='word_1_90' title='bbox 1323 2000 1410 2060; x_wconf 89' lang='lat' dir='ltr'><strong>posse</strong></span> <span class='ocrx_word' id='word_1_91' title='bbox 1432 1979 1518 2049; x_wconf 87' lang='lat' dir='ltr'><strong>mali,</strong></span> 
     </span>
     <span class='ocr_line' id='line_1_14' title="bbox 703 2080 1484 2162; baseline 0 -22"><span class='ocrx_word' id='word_1_92' title='bbox 703 2080 739 2140; x_wconf 88' lang='lat' dir='ltr'><strong>Et</strong></span> <span class='ocrx_word' id='word_1_93' title='bbox 761 2101 863 2143; x_wconf 89' lang='lat' dir='ltr'><strong>euram</strong></span> <span class='ocrx_word' id='word_1_94' title='bbox 886 2102 950 2143; x_wconf 90' lang='lat' dir='ltr'><strong>esse</strong></span> <span class='ocrx_word' id='word_1_95' title='bbox 972 2083 1039 2151; x_wconf 86' lang='lat' dir='ltr'><strong>tibi,</strong></span> <span class='ocrx_word' id='word_1_96' title='bbox 1064 2103 1130 2162; x_wconf 86' lang='lat' dir='ltr'><strong>quae</strong></span> <span class='ocrx_word' id='word_1_97' title='bbox 1152 2102 1207 2143; x_wconf 90' lang='lat' dir='ltr'><strong>nos</strong></span> <span class='ocrx_word' id='word_1_98' title='bbox 1229 2092 1346 2145; x_wconf 90' lang='lat' dir='ltr'><strong>tueatur</strong></span> <span class='ocrx_word' id='word_1_99' title='bbox 1368 2082 1405 2143; x_wconf 89' lang='lat' dir='ltr'><strong>ab</strong></span> <span class='ocrx_word' id='word_1_100' title='bbox 1427 2081 1484 2142; x_wconf 89' lang='lat' dir='ltr'><strong>illis</strong></span> 
     </span>
     <span class='ocr_line' id='line_1_15' title="bbox 635 2183 1471 2264; baseline 0.001 -23"><span class='ocrx_word' id='word_1_101' title='bbox 635 2202 673 2242; x_wconf 86' lang='lat' dir='ltr'><strong>roo</strong></span> <span class='ocrx_word' id='word_1_102' title='bbox 758 2183 887 2263; x_wconf 75' lang='lat' dir='ltr'><strong>Quaeque</strong></span> <span class='ocrx_word' id='word_1_103' title='bbox 909 2187 1006 2245; x_wconf 90' lang='lat' dir='ltr'><strong>iocum</strong></span> <span class='ocrx_word' id='word_1_104' title='bbox 1029 2185 1110 2264; x_wconf 81' lang='lat' dir='ltr'><strong>leges</strong></span> <span class='ocrx_word' id='word_1_105' title='bbox 1132 2204 1192 2246; x_wconf 91' lang='lat' dir='ltr'><strong>non</strong></span> <span class='ocrx_word' id='word_1_106' title='bbox 1214 2187 1289 2245; x_wconf 90' lang='lat' dir='ltr'><strong>sinat</strong></span> <span class='ocrx_word' id='word_1_107' title='bbox 1311 2203 1375 2246; x_wconf 89' lang='lat' dir='ltr'><strong>esse</strong></span> <span class='ocrx_word' id='word_1_108' title='bbox 1398 2191 1471 2244; x_wconf 86' lang='lat' dir='ltr'><strong>tuas.</strong></span> 
     </span>
     <span class='ocr_line' id='line_1_16' title="bbox 702 2285 1572 2365; baseline -0.001 -19"><span class='ocrx_word' id='word_1_109' title='bbox 702 2285 764 2346; x_wconf 87' lang='lat' dir='ltr'><strong>lloc</strong></span> <span class='ocrx_word' id='word_1_110' title='bbox 787 2286 899 2346; x_wconf 88' lang='lat' dir='ltr'><strong>discant</strong></span> <span class='ocrx_word' id='word_1_111' title='bbox 920 2304 1041 2365; x_wconf 87' lang='lat' dir='ltr'><strong>sperare</strong></span> <span class='ocrx_word' id='word_1_112' title='bbox 1063 2287 1148 2356; x_wconf 87' lang='lat' dir='ltr'><strong>boni,</strong></span> <span class='ocrx_word' id='word_1_113' title='bbox 1171 2305 1297 2365; x_wconf 90' lang='lat' dir='ltr'><strong>quorum</strong></span> <span class='ocrx_word' id='word_1_114' title='bbox 1320 2304 1401 2347; x_wconf 90' lang='lat' dir='ltr'><strong>arma</strong></span> <span class='ocrx_word' id='word_1_115' title='bbox 1424 2286 1572 2346; x_wconf 76' lang='lat' dir='ltr'><strong>ferentum</strong></span> 
     </span>
     <span class='ocr_line' id='line_1_17' title="bbox 756 2387 1450 2469; baseline -0.006 -20"><span class='ocrx_word' id='word_1_116' title='bbox 756 2387 832 2449; x_wconf 86' lang='lat' dir='ltr'><strong>lllilia</strong></span> <span class='ocrx_word' id='word_1_117' title='bbox 855 2390 945 2448; x_wconf 86' lang='lat' dir='ltr'><strong>multa</strong></span> <span class='ocrx_word' id='word_1_118' title='bbox 968 2390 1047 2449; x_wconf 84' lang='lat' dir='ltr'><strong>rides</strong></span> <span class='ocrx_word' id='word_1_119' title='bbox 1070 2408 1136 2469; x_wconf 81' lang='lat' dir='ltr'><strong>quae</strong></span> <span class='ocrx_word' id='word_1_120' title='bbox 1158 2396 1207 2449; x_wconf 90' lang='lat' dir='ltr'><strong>tua</strong></span> <span class='ocrx_word' id='word_1_121' title='bbox 1228 2391 1310 2465; x_wconf 83' lang='lat' dir='ltr'><strong>signa</strong></span> <span class='ocrx_word' id='word_1_122' title='bbox 1333 2394 1450 2466; x_wconf 88' lang='lat' dir='ltr'><strong>petunt:</strong></span> 
     </span>
     <span class='ocr_line' id='line_1_18' title="bbox 702 2490 1616 2571; baseline -0.001 -22"><span class='ocrx_word' id='word_1_123' title='bbox 702 2490 789 2568; x_wconf 80' lang='lat' dir='ltr'><strong>Signa</strong></span> <span class='ocrx_word' id='word_1_124' title='bbox 812 2497 930 2567; x_wconf 89' lang='lat' dir='ltr'><strong>petunt,</strong></span> <span class='ocrx_word' id='word_1_125' title='bbox 955 2497 1100 2569; x_wconf 72' lang='lat' dir='ltr'><strong>promptae</strong></span> <span class='ocrx_word' id='word_1_126' title='bbox 1122 2492 1199 2551; x_wconf 89' lang='lat' dir='ltr'><strong>vires</strong></span> <span class='ocrx_word' id='word_1_127' title='bbox 1221 2492 1368 2568; x_wconf 86' lang='lat' dir='ltr'><strong>animique</strong></span> <span class='ocrx_word' id='word_1_128' title='bbox 1390 2490 1484 2566; x_wconf 87' lang='lat' dir='ltr'><strong>parati</strong></span> <span class='ocrx_word' id='word_1_129' title='bbox 1587 2530 1616 2571; x_wconf 63' lang='lat'>0</span> 
     </span>
     <span class='ocr_line' id='line_1_19' title="bbox 634 2584 1673 2671; baseline 0 -21"><span class='ocrx_word' id='word_1_130' title='bbox 634 2610 670 2651; x_wconf 82' lang='lat' dir='ltr'><strong>ror</strong></span> <span class='ocrx_word' id='word_1_131' title='bbox 756 2591 814 2651; x_wconf 92' lang='lat' dir='ltr'><strong>Pro</strong></span> <span class='ocrx_word' id='word_1_132' title='bbox 836 2600 865 2652; x_wconf 88' lang='lat' dir='ltr'><strong>te</strong></span> <span class='ocrx_word' id='word_1_133' title='bbox 887 2610 1002 2671; x_wconf 81' lang='lat' dir='ltr'><strong>proque</strong></span> <span class='ocrx_word' id='word_1_134' title='bbox 1023 2601 1076 2652; x_wconf 90' lang='lat' dir='ltr'><strong>tuo</strong></span> <span class='ocrx_word' id='word_1_135' title='bbox 1098 2593 1217 2652; x_wconf 91' lang='lat' dir='ltr'><strong>numine</strong></span> <span class='ocrx_word' id='word_1_136' title='bbox 1240 2600 1344 2652; x_wconf 89' lang='lat' dir='ltr'><strong>cuncta</strong></span> <span class='ocrx_word' id='word_1_137' title='bbox 1368 2592 1443 2669; x_wconf 83' lang='lat' dir='ltr'><strong>pati:</strong></span> <span class='ocrx_word' id='word_1_138' title='bbox 1668 2584 1673 2594; x_wconf 80' lang='lat'>&#39;</span> 
     </span>
     <span class='ocr_line' id='line_1_20' title="bbox 701 2691 1444 2771; baseline 0 -19"><span class='ocrx_word' id='word_1_139' title='bbox 701 2691 805 2754; x_wconf 75' lang='lat' dir='ltr'><strong>Annue</strong></span> <span class='ocrx_word' id='word_1_140' title='bbox 828 2695 995 2771; x_wconf 89' lang='lat' dir='ltr'><strong>procinctis.</strong></span> <span class='ocrx_word' id='word_1_141' title='bbox 1041 2694 1117 2754; x_wconf 89' lang='lat' dir='ltr'><strong>adsit</strong></span> <span class='ocrx_word' id='word_1_142' title='bbox 1138 2702 1188 2755; x_wconf 88' lang='lat' dir='ltr'><strong>tua</strong></span> <span class='ocrx_word' id='word_1_143' title='bbox 1210 2694 1271 2754; x_wconf 86' lang='lat' dir='ltr'><strong>sola</strong></span> <span class='ocrx_word' id='word_1_144' title='bbox 1295 2693 1444 2760; x_wconf 84' lang='lat' dir='ltr'><strong>voluntas,</strong></span> 
     </span>
     <span class='ocr_line' id='line_1_21' title="bbox 756 2795 1374 2874; baseline 0 -20"><span class='ocrx_word' id='word_1_145' title='bbox 756 2795 888 2855; x_wconf 84' lang='lat' dir='ltr'><strong>invenies</strong></span> <span class='ocrx_word' id='word_1_146' title='bbox 910 2797 959 2874; x_wconf 87' lang='lat' dir='ltr'><strong>qui</strong></span> <span class='ocrx_word' id='word_1_147' title='bbox 981 2804 1010 2856; x_wconf 88' lang='lat' dir='ltr'><strong>te</strong></span> <span class='ocrx_word' id='word_1_148' title='bbox 1032 2813 1124 2874; x_wconf 86' lang='lat' dir='ltr'><strong>regna</strong></span> <span class='ocrx_word' id='word_1_149' title='bbox 1147 2803 1249 2856; x_wconf 91' lang='lat' dir='ltr'><strong>tenere</strong></span> <span class='ocrx_word' id='word_1_150' title='bbox 1272 2795 1374 2864; x_wconf 84' lang='lat' dir='ltr'><strong>velint,</strong></span> 
     </span>
     <span class='ocr_line' id='line_1_22' title="bbox 700 2895 1416 2982; baseline 0 -26"><span class='ocrx_word' id='word_1_151' title='bbox 700 2895 755 2965; x_wconf 82' lang='lat' dir='ltr'><strong>Oui</strong></span> <span class='ocrx_word' id='word_1_152' title='bbox 779 2905 827 2958; x_wconf 90' lang='lat' dir='ltr'><strong>tua</strong></span> <span class='ocrx_word' id='word_1_153' title='bbox 850 2898 1012 2974; x_wconf 81' lang='lat' dir='ltr'><strong>degeneres</strong></span> <span class='ocrx_word' id='word_1_154' title='bbox 1034 2898 1129 2982; x_wconf 88' lang='lat' dir='ltr'><strong>nolint</strong></span> <span class='ocrx_word' id='word_1_155' title='bbox 1151 2897 1265 2958; x_wconf 75' lang='lat' dir='ltr'><strong>udicare</strong></span> <span class='ocrx_word' id='word_1_156' title='bbox 1289 2896 1416 2966; x_wconf 77' lang='lat' dir='ltr'><strong>Quirites</strong></span> 
     </span>
     <span class='ocr_line' id='line_1_23' title="bbox 632 2997 1484 3077; baseline -0.004 -18"><span class='ocrx_word' id='word_1_157' title='bbox 632 3019 685 3060; x_wconf 79' lang='lat' dir='ltr'><strong>ros.</strong></span> <span class='ocrx_word' id='word_1_158' title='bbox 753 2999 849 3069; x_wconf 89' lang='lat' dir='ltr'><strong>lussa,</strong></span> <span class='ocrx_word' id='word_1_159' title='bbox 873 2998 950 3077; x_wconf 93' lang='lat' dir='ltr'><strong>quod</strong></span> <span class='ocrx_word' id='word_1_160' title='bbox 974 3000 1032 3059; x_wconf 91' lang='lat' dir='ltr'><strong>heu</strong></span> <span class='ocrx_word' id='word_1_161' title='bbox 1054 2999 1177 3059; x_wconf 87' lang='lat' dir='ltr'><strong>nimium</strong></span> <span class='ocrx_word' id='word_1_162' title='bbox 1200 3001 1256 3058; x_wconf 90' lang='lat' dir='ltr'><strong>iam</strong></span> <span class='ocrx_word' id='word_1_163' title='bbox 1279 3006 1403 3076; x_wconf 89' lang='lat' dir='ltr'><strong>potuere</strong></span> <span class='ocrx_word' id='word_1_164' title='bbox 1426 2997 1484 3056; x_wconf 93' lang='lat' dir='ltr'><strong>diu.</strong></span> 
     </span>
     <span class='ocr_line' id='line_1_24' title="bbox 699 3098 1476 3179; baseline -0.004 -18"><span class='ocrx_word' id='word_1_165' title='bbox 699 3100 815 3161; x_wconf 78' lang='lat' dir='ltr'><strong>Scilicet</strong></span> <span class='ocrx_word' id='word_1_166' title='bbox 837 3100 950 3160; x_wconf 82' lang='lat' dir='ltr'><strong>ardenti</strong></span> <span class='ocrx_word' id='word_1_167' title='bbox 971 3103 1123 3179; x_wconf 80' lang='lat' dir='ltr'><strong>sequimur</strong></span> <span class='ocrx_word' id='word_1_168' title='bbox 1146 3109 1193 3160; x_wconf 88' lang='lat' dir='ltr'><strong>tua</strong></span> <span class='ocrx_word' id='word_1_169' title='bbox 1217 3107 1311 3160; x_wconf 88' lang='lat' dir='ltr'><strong>eastra</strong></span> <span class='ocrx_word' id='word_1_170' title='bbox 1335 3098 1476 3169; x_wconf 88' lang='lat' dir='ltr'><strong>tumultu,</strong></span> 
     </span>
     <span class='ocr_line' id='line_1_25' title="bbox 754 3200 1523 3281; baseline -0.005 -18"><span class='ocrx_word' id='word_1_171' title='bbox 754 3203 815 3263; x_wconf 89' lang='lat' dir='ltr'><strong>Nec</strong></span> <span class='ocrx_word' id='word_1_172' title='bbox 837 3204 894 3262; x_wconf 88' lang='lat' dir='ltr'><strong>iam</strong></span> <span class='ocrx_word' id='word_1_173' title='bbox 918 3201 1040 3281; x_wconf 89' lang='lat' dir='ltr'><strong>aliquid,</strong></span> <span class='ocrx_word' id='word_1_174' title='bbox 1064 3204 1118 3262; x_wconf 91' lang='lat' dir='ltr'><strong>nisi</strong></span> <span class='ocrx_word' id='word_1_175' title='bbox 1142 3211 1169 3263; x_wconf 89' lang='lat' dir='ltr'><strong>te</strong></span> <span class='ocrx_word' id='word_1_176' title='bbox 1191 3202 1267 3263; x_wconf 86' lang='lat' dir='ltr'><strong>bella</strong></span> <span class='ocrx_word' id='word_1_177' title='bbox 1291 3200 1408 3270; x_wconf 85' lang='lat' dir='ltr'><strong>iubere,</strong></span> <span class='ocrx_word' id='word_1_178' title='bbox 1432 3201 1523 3261; x_wconf 69' lang='lat' dir='ltr'><strong>deest</strong></span> 
     </span>
     <span class='ocr_line' id='line_1_26' title="bbox 698 3303 1606 3384; baseline -0.002 -20"><span class='ocrx_word' id='word_1_179' title='bbox 698 3304 777 3365; x_wconf 89' lang='lat' dir='ltr'><strong>Bella</strong></span> <span class='ocrx_word' id='word_1_180' title='bbox 801 3304 885 3373; x_wconf 85' lang='lat' dir='ltr'><strong>iube,</strong></span> <span class='ocrx_word' id='word_1_181' title='bbox 909 3304 1084 3384; x_wconf 83' lang='lat' dir='ltr'><strong>populisque</strong></span> <span class='ocrx_word' id='word_1_182' title='bbox 1107 3307 1178 3383; x_wconf 89' lang='lat' dir='ltr'><strong>praei</strong></span> <span class='ocrx_word' id='word_1_183' title='bbox 1201 3307 1250 3383; x_wconf 95' lang='lat' dir='ltr'><strong>qui</strong></span> <span class='ocrx_word' id='word_1_184' title='bbox 1273 3312 1302 3363; x_wconf 87' lang='lat' dir='ltr'><strong>te</strong></span> <span class='ocrx_word' id='word_1_185' title='bbox 1324 3303 1443 3381; x_wconf 80' lang='lat' dir='ltr'><strong>auspice</strong></span> <span class='ocrx_word' id='word_1_186' title='bbox 1465 3310 1606 3379; x_wconf 84' lang='lat' dir='ltr'><strong>pugnent.</strong></span> 
     </span>
     <span class='ocr_line' id='line_1_27' title="bbox 631 3400 1512 3484; baseline -0.009 -14"><span class='ocrx_word' id='word_1_187' title='bbox 631 3429 668 3471; x_wconf 75' lang='lat' dir='ltr'><strong>ua</strong></span> <span class='ocrx_word' id='word_1_188' title='bbox 754 3407 829 3479; x_wconf 79' lang='lat' dir='ltr'><strong>Quid</strong></span> <span class='ocrx_word' id='word_1_189' title='bbox 852 3415 902 3468; x_wconf 90' lang='lat' dir='ltr'><strong>tua</strong></span> <span class='ocrx_word' id='word_1_190' title='bbox 924 3414 1086 3467; x_wconf 82' lang='lat' dir='ltr'><strong>contrectat</strong></span> <span class='ocrx_word' id='word_1_191' title='bbox 1108 3426 1192 3467; x_wconf 88' lang='lat' dir='ltr'><strong>sacra</strong></span> <span class='ocrx_word' id='word_1_192' title='bbox 1215 3400 1376 3484; x_wconf 83' lang='lat' dir='ltr'><strong>prophana‘</strong></span> <span class='ocrx_word' id='word_1_193' title='bbox 1389 3407 1512 3464; x_wconf 82' lang='lat' dir='ltr'><strong>mauusl</strong></span> 
     </span>
     <span class='ocr_line' id='line_1_28' title="bbox 698 3508 1390 3587; baseline -0.007 -17"><span class='ocrx_word' id='word_1_194' title='bbox 698 3510 828 3570; x_wconf 82' lang='lat' dir='ltr'><strong>Sustinet</strong></span> <span class='ocrx_word' id='word_1_195' title='bbox 849 3510 982 3586; x_wconf 90' lang='lat' dir='ltr'><strong>impuros</strong></span> <span class='ocrx_word' id='word_1_196' title='bbox 1004 3508 1127 3569; x_wconf 88' lang='lat' dir='ltr'><strong>eeclesia</strong></span> <span class='ocrx_word' id='word_1_197' title='bbox 1150 3515 1228 3569; x_wconf 89' lang='lat' dir='ltr'><strong>easta</strong></span> <span class='ocrx_word' id='word_1_198' title='bbox 1251 3516 1390 3587; x_wconf 71' lang='lat' dir='ltr'><strong>tyrannos</strong></span> 
     </span>
     <span class='ocr_line' id='line_1_29' title="bbox 754 3607 1475 3689; baseline -0.003 -21"><span class='ocrx_word' id='word_1_199' title='bbox 754 3611 821 3686; x_wconf 80' lang='lat' dir='ltr'><strong>(l&#39;ro</strong></span> <span class='ocrx_word' id='word_1_200' title='bbox 845 3609 937 3689; x_wconf 73' lang='lat' dir='ltr'><strong>dolor)</strong></span> <span class='ocrx_word' id='word_1_201' title='bbox 961 3609 1180 3688; x_wconf 87' lang='lat' dir='ltr'><strong>atquealiquid</strong></span> <span class='ocrx_word' id='word_1_202' title='bbox 1203 3610 1331 3686; x_wconf 88' lang='lat' dir='ltr'><strong>perdidit</strong></span> <span class='ocrx_word' id='word_1_203' title='bbox 1351 3607 1399 3667; x_wconf 92' lang='lat' dir='ltr'><strong>illa</strong></span> <span class='ocrx_word' id='word_1_204' title='bbox 1421 3608 1475 3667; x_wconf 90' lang='lat' dir='ltr'><strong>sui.</strong></span> 
     </span>
     <span class='ocr_line' id='line_1_30' title="bbox 697 3710 1607 3789; baseline -0.002 -20"><span class='ocrx_word' id='word_1_205' title='bbox 697 3712 760 3772; x_wconf 90' lang='lat' dir='ltr'><strong>Vim</strong></span> <span class='ocrx_word' id='word_1_206' title='bbox 783 3714 900 3789; x_wconf 91' lang='lat' dir='ltr'><strong>patitur.</strong></span> <span class='ocrx_word' id='word_1_207' title='bbox 946 3711 991 3770; x_wconf 82' lang='lat' dir='ltr'><strong>ier</strong></span> <span class='ocrx_word' id='word_1_208' title='bbox 1013 3712 1114 3787; x_wconf 88' lang='lat' dir='ltr'><strong>opem!</strong></span> <span class='ocrx_word' id='word_1_209' title='bbox 1138 3728 1211 3769; x_wconf 92' lang='lat' dir='ltr'><strong>nam·</strong></span> <span class='ocrx_word' id='word_1_210' title='bbox 1228 3718 1300 3788; x_wconf 74' lang='lat' dir='ltr'><strong>qum</strong></span> <span class='ocrx_word' id='word_1_211' title='bbox 1321 3710 1441 3789; x_wconf 90' lang='lat' dir='ltr'><strong>patieris</strong></span> <span class='ocrx_word' id='word_1_212' title='bbox 1462 3712 1492 3768; x_wconf 92' lang='lat' dir='ltr'><strong>in</strong></span> <span class='ocrx_word' id='word_1_213' title='bbox 1514 3727 1607 3769; x_wconf 85' lang='lat' dir='ltr'><strong>annos</strong></span> 
     </span>
     <span class='ocr_line' id='line_1_31' title="bbox 629 3808 1430 3895; baseline -0.004 -22"><span class='ocrx_word' id='word_1_214' title='bbox 629 3833 666 3873; x_wconf 86' lang='lat' dir='ltr'><strong>no</strong></span> <span class='ocrx_word' id='word_1_215' title='bbox 751 3812 857 3872; x_wconf 86' lang='lat' dir='ltr'><strong>Pareat</strong></span> <span class='ocrx_word' id='word_1_216' title='bbox 878 3808 1036 3871; x_wconf 88' lang='lat' dir='ltr'><strong>immundis</strong></span> <span class='ocrx_word' id='word_1_217' title='bbox 1058 3819 1090 3871; x_wconf 94' lang='lat' dir='ltr'><strong>ut</strong></span> <span class='ocrx_word' id='word_1_218' title='bbox 1112 3819 1161 3872; x_wconf 90' lang='lat' dir='ltr'><strong>tua</strong></span> <span class='ocrx_word' id='word_1_219' title='bbox 1184 3830 1291 3889; x_wconf 90' lang='lat' dir='ltr'><strong>sponsa</strong></span> <span class='ocrx_word' id='word_1_220' title='bbox 1314 3813 1430 3895; x_wconf 73' lang='lat' dir='ltr'><strong>procis?</strong></span> 
     </span>
     <span class='ocr_line' id='line_1_32' title="bbox 696 3911 1576 3982; baseline 0.001 -10"><span class='ocrx_word' id='word_1_221' title='bbox 696 3911 820 3972; x_wconf 83' lang='lat' dir='ltr'><strong>Classica</strong></span> <span class='ocrx_word' id='word_1_222' title='bbox 845 3919 1037 3972; x_wconf 88' lang='lat' dir='ltr'><strong>monstratum</strong></span> <span class='ocrx_word' id='word_1_223' title='bbox 1060 3921 1140 3974; x_wconf 85' lang='lat' dir='ltr'><strong>vates</strong></span> <span class='ocrx_word' id='word_1_224' title='bbox 1163 3913 1240 3973; x_wconf 91' lang='lat' dir='ltr'><strong>eanit</strong></span> <span class='ocrx_word' id='word_1_225' title='bbox 1261 3915 1371 3974; x_wconf 87' lang='lat' dir='ltr'><strong>Hessos</strong></span> <span class='ocrx_word' id='word_1_226' title='bbox 1394 3914 1422 3972; x_wconf 89' lang='lat' dir='ltr'><strong>in</strong></span> <span class='ocrx_word' id='word_1_227' title='bbox 1446 3912 1576 3982; x_wconf 87' lang='lat' dir='ltr'><strong>hostem,</strong></span> 
     </span>
     <span class='ocr_line' id='line_1_33' title="bbox 751 4013 1485 4093; baseline 0 -20"><span class='ocrx_word' id='word_1_228' title='bbox 751 4015 871 4093; x_wconf 91' lang='lat' dir='ltr'><strong>lamque</strong></span> <span class='ocrx_word' id='word_1_229' title='bbox 894 4013 1006 4091; x_wconf 89' lang='lat' dir='ltr'><strong>aliquos</strong></span> <span class='ocrx_word' id='word_1_230' title='bbox 1028 4033 1135 4092; x_wconf 74' lang='lat' dir='ltr'><strong>qrugrrae</strong></span> <span class='ocrx_word' id='word_1_231' title='bbox 1158 4017 1226 4075; x_wconf 85' lang='lat' dir='ltr'><strong>iecit</strong></span> <span class='ocrx_word' id='word_1_232' title='bbox 1249 4033 1349 4076; x_wconf 89' lang='lat' dir='ltr'><strong>amere</strong></span> <span class='ocrx_word' id='word_1_233' title='bbox 1370 4022 1485 4074; x_wconf 88' lang='lat' dir='ltr'><strong>truces:</strong></span> 
     </span>
     <span class='ocr_line' id='line_1_34' title="bbox 695 4114 1396 4196; baseline 0 -21"><span class='ocrx_word' id='word_1_234' title='bbox 695 4115 837 4176; x_wconf 90' lang='lat' dir='ltr'><strong>lustinctu</strong></span> <span class='ocrx_word' id='word_1_235' title='bbox 861 4117 938 4176; x_wconf 89' lang='lat' dir='ltr'><strong>canit</strong></span> <span class='ocrx_word' id='word_1_236' title='bbox 960 4114 1007 4175; x_wconf 91' lang='lat' dir='ltr'><strong>ille</strong></span> <span class='ocrx_word' id='word_1_237' title='bbox 1029 4124 1097 4185; x_wconf 86' lang='lat' dir='ltr'><strong>tuo;</strong></span> <span class='ocrx_word' id='word_1_238' title='bbox 1120 4125 1152 4177; x_wconf 93' lang='lat' dir='ltr'><strong>tu</strong></span> <span class='ocrx_word' id='word_1_239' title='bbox 1174 4119 1257 4196; x_wconf 84' lang='lat' dir='ltr'><strong>signa</strong></span> <span class='ocrx_word' id='word_1_240' title='bbox 1280 4116 1396 4177; x_wconf 87' lang='lat' dir='ltr'><strong>canenti</strong></span> 
     </span>
     <span class='ocr_line' id='line_1_35' title="bbox 628 4217 1447 4287; baseline -0.004 -9"><span class='ocrx_word' id='word_1_241' title='bbox 628 4237 666 4278; x_wconf 85' lang='lat' dir='ltr'><strong>no</strong></span> <span class='ocrx_word' id='word_1_242' title='bbox 752 4218 792 4278; x_wconf 79' lang='lat' dir='ltr'><strong>lla</strong></span> <span class='ocrx_word' id='word_1_243' title='bbox 816 4218 934 4286; x_wconf 86' lang='lat' dir='ltr'><strong>saltem;</strong></span> <span class='ocrx_word' id='word_1_244' title='bbox 958 4218 1081 4286; x_wconf 79' lang='lat' dir='ltr'><strong>frustra,</strong></span> <span class='ocrx_word' id='word_1_245' title='bbox 1106 4222 1135 4279; x_wconf 92' lang='lat' dir='ltr'><strong>ni</strong></span> <span class='ocrx_word' id='word_1_246' title='bbox 1159 4218 1259 4287; x_wconf 88' lang='lat' dir='ltr'><strong>dabis,</strong></span> <span class='ocrx_word' id='word_1_247' title='bbox 1282 4217 1331 4276; x_wconf 91' lang='lat' dir='ltr'><strong>ille</strong></span> <span class='ocrx_word' id='word_1_248' title='bbox 1353 4224 1447 4276; x_wconf 89' lang='lat' dir='ltr'><strong>canet.</strong></span> 
     </span>
     <span class='ocr_line' id='line_1_36' title="bbox 695 4319 1469 4399; baseline -0.001 -21"><span class='ocrx_word' id='word_1_249' title='bbox 695 4319 740 4380; x_wconf 84' lang='lat' dir='ltr'><strong>&#39;lu</strong></span> <span class='ocrx_word' id='word_1_250' title='bbox 764 4328 860 4380; x_wconf 88' lang='lat' dir='ltr'><strong>tamen</strong></span> <span class='ocrx_word' id='word_1_251' title='bbox 883 4321 1009 4381; x_wconf 85' lang='lat' dir='ltr'><strong>audaces</strong></span> <span class='ocrx_word' id='word_1_252' title='bbox 1032 4321 1157 4399; x_wconf 89' lang='lat' dir='ltr'><strong>populos</strong></span> <span class='ocrx_word' id='word_1_253' title='bbox 1180 4321 1299 4380; x_wconf 85' lang='lat' dir='ltr'><strong>hortare</strong></span> <span class='ocrx_word' id='word_1_254' title='bbox 1322 4319 1469 4387; x_wconf 90' lang='lat' dir='ltr'><strong>cauendo,</strong></span> 
     </span>
     <span class='ocr_line' id='line_1_37' title="bbox 751 4422 1357 4500; baseline -0.002 -19"><span class='ocrx_word' id='word_1_255' title='bbox 751 4422 858 4493; x_wconf 87' lang='lat' dir='ltr'><strong>Hosse,</strong></span> <span class='ocrx_word' id='word_1_256' title='bbox 882 4441 974 4483; x_wconf 92' lang='lat' dir='ltr'><strong>neca</strong></span> <span class='ocrx_word' id='word_1_257' title='bbox 998 4430 1091 4500; x_wconf 76' lang='lat' dir='ltr'><strong>cepta</strong></span> <span class='ocrx_word' id='word_1_258' title='bbox 1115 4423 1281 4483; x_wconf 81' lang='lat' dir='ltr'><strong>dimoveare</strong></span> <span class='ocrx_word' id='word_1_259' title='bbox 1304 4422 1357 4480; x_wconf 82' lang='lat' dir='ltr'><strong>ria.</strong></span> 
     </span>
     <span class='ocr_line' id='line_1_38' title="bbox 693 4508 1633 4603; baseline -0.002 -19"><span class='ocrx_word' id='word_1_260' title='bbox 693 4526 773 4584; x_wconf 86' lang='lat' dir='ltr'><strong>Sunt·</strong></span> <span class='ocrx_word' id='word_1_261' title='bbox 790 4524 896 4603; x_wconf 88' lang='lat' dir='ltr'><strong>quibus</strong></span> <span class='ocrx_word' id='word_1_262' title='bbox 918 4508 1071 4600; x_wconf 83' lang='lat' dir='ltr'><strong>hocopus</strong></span> <span class='ocrx_word' id='word_1_263' title='bbox 1095 4531 1151 4592; x_wconf 86' lang='lat' dir='ltr'><strong>est;</strong></span> <span class='ocrx_word' id='word_1_264' title='bbox 1175 4542 1229 4582; x_wconf 89' lang='lat' dir='ltr'><strong>nos</strong></span> <span class='ocrx_word' id='word_1_265' title='bbox 1251 4541 1332 4581; x_wconf 93' lang='lat' dir='ltr'><strong>arma</strong></span> <span class='ocrx_word' id='word_1_266' title='bbox 1354 4524 1462 4583; x_wconf 89' lang='lat' dir='ltr'><strong>iniussa</strong></span> <span class='ocrx_word' id='word_1_267' title='bbox 1484 4529 1633 4595; x_wconf 84' lang='lat' dir='ltr'><strong>tenemus,</strong></span> 
     </span>
     <span class='ocr_line' id='line_1_39' title="bbox 627 4625 1499 4702; baseline 0 -20"><span class='ocrx_word' id='word_1_268' title='bbox 627 4645 663 4684; x_wconf 85' lang='lat' dir='ltr'><strong>nr</strong></span> <span class='ocrx_word' id='word_1_269' title='bbox 751 4626 786 4685; x_wconf 89' lang='lat' dir='ltr'><strong>Et</strong></span> <span class='ocrx_word' id='word_1_270' title='bbox 809 4633 908 4685; x_wconf 91' lang='lat' dir='ltr'><strong>nostra</strong></span> <span class='ocrx_word' id='word_1_271' title='bbox 931 4625 967 4685; x_wconf 92' lang='lat' dir='ltr'><strong>ad</strong></span> <span class='ocrx_word' id='word_1_272' title='bbox 990 4627 1099 4686; x_wconf 85' lang='lat' dir='ltr'><strong>sociam</strong></span> <span class='ocrx_word' id='word_1_273' title='bbox 1115 4629 1226 4702; x_wconf 84' lang='lat' dir='ltr'><strong>&#39;sponte</strong></span> <span class='ocrx_word' id='word_1_274' title='bbox 1250 4625 1380 4685; x_wconf 78' lang='lat' dir='ltr'><strong>venimus</strong></span> <span class='ocrx_word' id='word_1_275' title='bbox 1403 4642 1499 4701; x_wconf 90' lang='lat' dir='ltr'><strong>opem.</strong></span> 
     </span>
    </p>
   </div>
   <div class='ocr_carea' id='block_1_3' title="bbox 541 4925 1837 5064">
    <p class='ocr_par' dir='ltr' id='par_1_3' title="bbox 541 4925 1837 5064">
     <span class='ocr_line' id='line_1_40' title="bbox 606 4925 1837 4993; baseline 0.003 -18"><span class='ocrx_word' id='word_1_276' title='bbox 606 4925 624 4956; x_wconf 71' lang='lat'><strong>⁹¹</strong></span> <span class='ocrx_word' id='word_1_277' title='bbox 646 4927 781 4989; x_wconf 83' lang='lat' dir='ltr'><strong>Cynoedos</strong></span> <span class='ocrx_word' id='word_1_278' title='bbox 802 4932 826 4977; x_wconf 81' lang='lat' dir='ltr'><strong>t.</strong></span> <span class='ocrx_word' id='word_1_279' title='bbox 863 4929 990 4978; x_wconf 81' lang='lat' dir='ltr'><strong>Cinaedos</strong></span> <span class='ocrx_word' id='word_1_280' title='bbox 1009 4931 1070 4978; x_wconf 74' lang='lat'><strong><em>2.3.</em></strong></span> <span class='ocrx_word' id='word_1_281' title='bbox 1123 4928 1146 4961; x_wconf 75' lang='lat'><strong>⁹⁵</strong></span> <span class='ocrx_word' id='word_1_282' title='bbox 1165 4943 1251 4979; x_wconf 82' lang='lat' dir='ltr'><strong>eausa</strong></span> <span class='ocrx_word' id='word_1_283' title='bbox 1270 4931 1296 4979; x_wconf 81' lang='lat'><strong>3.</strong></span> <span class='ocrx_word' id='word_1_284' title='bbox 1334 4928 1366 4961; x_wconf 82' lang='lat'><strong>¹⁰¹</strong></span> <span class='ocrx_word' id='word_1_285' title='bbox 1382 4927 1473 4979; x_wconf 77' lang='lat' dir='ltr'><strong>Millia</strong></span> <span class='ocrx_word' id='word_1_286' title='bbox 1491 4930 1552 4978; x_wconf 81' lang='grc'><strong><em>2.3.</em></strong></span> <span class='ocrx_word' id='word_1_287' title='bbox 1588 4926 1759 4993; x_wconf 73' lang='lat' dir='ltr'><strong>¹¹²profnna</strong></span> <span class='ocrx_word' id='word_1_288' title='bbox 1777 4930 1837 4980; x_wconf 67' lang='lat'><strong>23.</strong></span> 
     </span>
     <span class='ocr_line' id='line_1_41' title="bbox 541 5007 1039 5064; baseline 0.008 -5"><span class='ocrx_word' id='word_1_289' title='bbox 541 5007 572 5041; x_wconf 82' lang='lat'><strong>¹¹⁴</strong></span> <span class='ocrx_word' id='word_1_290' title='bbox 590 5011 661 5061; x_wconf 86' lang='lat' dir='ltr'><strong>Proh</strong></span> <span class='ocrx_word' id='word_1_291' title='bbox 680 5014 740 5061; x_wconf 71' lang='lat' dir='ltr'><strong>m.</strong></span> <span class='ocrx_word' id='word_1_292' title='bbox 795 5010 826 5044; x_wconf 79' lang='lat'><strong>¹²¹</strong></span> <span class='ocrx_word' id='word_1_293' title='bbox 844 5028 895 5063; x_wconf 92' lang='lat' dir='ltr'><strong>nec</strong></span> <span class='ocrx_word' id='word_1_294' title='bbox 916 5013 949 5062; x_wconf 83' lang='lat' dir='ltr'><strong>ad</strong></span> <span class='ocrx_word' id='word_1_295' title='bbox 969 5031 993 5064; x_wconf 86' lang='lat' dir='ltr'><strong>c.</strong></span> <span class='ocrx_word' id='word_1_296' title='bbox 1014 5017 1039 5063; x_wconf 81' lang='grc'><strong>3.</strong></span> 
     </span>
    </p>
   </div>
   <div class='ocr_carea' id='block_1_4' title="bbox 0 0 2188 6084">
    <p class='ocr_par' dir='ltr' id='par_1_4' title="bbox 0 0 2188 6084">
     <span class='ocr_line' id='line_1_42' title="bbox 0 0 2188 6084; baseline 0 6"><span class='ocrx_word' id='word_1_297' title='bbox 0 0 2188 6084; x_wconf 95' lang='lat' dir='ltr'><strong> </strong></span> 
     </span>
    </p>
   </div>
  </div>
 </body>
</html>
