4367 6084
530 712 603 784 436
649 725 872 776 CCCLXliliill.
886 738 989 774 rassin
1003 738 1065 773 soa.
1080 738 1117 774 aa>
1130 740 1185 774 aaa.
1201 739 1435 776 aracaamuaru
1448 741 1491 775 rar.
1505 734 1645 776 naharu.
1657 734 1716 776 tots.

531 911 558 958 et
574 901 701 957 ludovici
718 900 794 960 Bari:
818 898 919 971 alioqui
943 897 1059 954 sciebam
1084 897 1159 954 illum
1183 898 1248 953 nihil
1272 908 1412 961 acturum:
1435 900 1525 956 larmos
1548 901 1667 956 hominis
1691 903 1743 955 iam
1766 899 1827 954 olim

533 989 608 1049 μονὴ
632 986 677 1041 sed
694 985 767 1039 beati
791 983 901 1055 ingenio
925 1001 1033 1056 semper
1047 983 1149 1038 abusus
1164 993 1206 1038 est
1222 984 1253 1039 ad
1271 984 1424 1038 huiusmodi
1440 985 1576 1039 dramata:
1602 986 1709 1041 tnrlmm
1726 984 1826 1039 amoliti

534 1090 626 1127 sumus
656 1069 889 1144 qualibuscunque
917 1067 1120 1123 conditionibus
1148 1086 1241 1141 pacem
1270 1068 1387 1141 iniquam
1421 1087 1499 1142 arqaro
1534 1069 1606 1126 hello
1641 1070 1826 1144 preferentes.

532 1156 598 1211 nihil
623 1157 753 1209 ‹rriiissmu
776 1162 833 1212 est.
857 1153 1082 1227 compromissum
1106 1161 1164 1208 est:
1187 1152 1299 1208 adhibiti
1322 1153 1376 1207 altro
1400 1163 1496 1214 testes.
1520 1154 1616 1209 arbitri
1640 1155 1712 1211 datis
1729 1154 1828 1209 alestris

532 1240 654 1315 stipulati
678 1248 742 1294 siant
765 1238 940 1310 obsequimm
970 1239 1179 1310 pronunciatum
1209 1245 1252 1293 est
1279 1238 1312 1292 de.
1343 1238 1446 1310 scripto
1474 1237 1632 1301 arbitrium,
1661 1239 1843 1293 assensimuso

533 1327 658 1398 utrique,
682 1323 892 1396 sulrscripsimus
916 1340 994 1377 uranu
1018 1322 1143 1395 utrique;
1173 1322 1270 1377 deinde
1293 1321 1409 1377 bibimus
1432 1340 1463 1377 er
1486 1323 1581 1379 eodem
1604 1323 1720 1397 poculo,
1745 1323 1827 1377 fracto

534 1413 606 1466 inter
628 1427 679 1464 uos
702 1426 785 1481 pane,
808 1408 878 1462 datm
901 1407 1012 1461 (lextra.
1058 1409 1195 1462 ominatos
1218 1425 1278 1461 sum
1301 1407 1444 1462 amicitiam
1462 1407 1521 1462 iore
1537 1417 1712 1482 perpetuam;
1736 1406 1827 1462 annuit

535 1480 629 1562 illeet
652 1492 848 1566 eairaaprobarit.
893 1491 1042 1546 exhibitum
1065 1500 1108 1546 est
1131 1491 1256 1546 ornatibus
1278 1491 1428 1547 convivium
1452 1487 1562 1561 φίλιον.
1608 1493 1637 1548 la
1660 1493 1737 1548 abitu
1753 1492 1827 1565 petiit

534 1579 676 1652 epistolam
699 1578 733 1632 ad
755 1578 859 1632 ducem.
891 1577 915 1630 id
931 1583 1033 1648 promer
1049 1584 1126 1649 pacta
1142 1576 1258 1648 praestiti
1274 1594 1308 1631 ne
1325 1594 1404 1649 quam
1420 1577 1512 1632 «larem
1528 1578 1699 1633 occasionem
1712 1575 1761 1637 “a
1785 1593 1828 1649 pe·

534 1665 578 1720 tiit
600 1663 789 1736 praedationem
813 1662 839 1715 in
862 1659 961 1715 librum
985 1660 1036 1732 ipsi
1059 1660 1220 1721 dicandum;
1250 1661 1275 1715 id
1299 1678 1453 1733 quanquam
1476 1661 1623 1736 absurdum
1647 1669 1675 1717 et
1698 1662 1857 1734 ineptuuatt

536 1760 625 1804 tauma
648 1756 743 1802 autore
766 1745 904 1800 lloniiacio
928 1745 987 1799 ieci.
1033 1744 1103 1811 Quia
1123 1753 1300 1800 consecutum
1323 1746 1383 1800 est?
1411 1763 1471 1801 naor
1494 1747 1594 1801 dieitur
1617 1747 1724 1801 misisse
1749 1745 1828 1805 iamai·

536 1834 591 1889 lum
615 1832 757 1905 proprium
780 1830 826 1903 qui
843 1829 893 1885 suh
910 1829 1044 1884 nundinas
1060 1829 1186 1901 vulgasset
1201 1838 1320 1884 atrocem
1337 1847 1473 1886 rumorem
1489 1829 1628 1887 Erasmum
1645 1848 1706 1886 esse
1722 1831 1828 1884 damna·

514 1926 593 1973 'tum
619 1916 730 1971 basilea
752 1915 967 1970 conditionibus·
978 1914 1161 1985 gravissimis.
1192 1924 1222 1969 nt
1244 1912 1377 1970 scriberet
1399 1914 1497 1970 librum
1519 1925 1547 1971 et
1568 1915 1714 1990 epistolam
1737 1923 1828 1971 contra

536 2002 672 2074 seipsum.
696 2001 793 2055 deiude
814 2000 892 2054 daret
914 1999 1070 2072 pecuniarum
1093 2007 1122 2054 et
1144 1998 1187 2053 hic
1208 2007 1272 2053 ante
1294 1998 1397 2054 abitum
1419 2001 1531 2055 iactarat
1554 2019 1584 2055 se
1606 2000 1733 2074 selegisse
1756 1998 1829 2053 Eras-

537 2104 608 2143 nmm
631 2087 663 2141 ad
686 2085 871 2145 conditiones,
895 2083 927 2138 ad
951 2101 1018 2157 quas
1040 2083 1100 2156 ipse
1123 2082 1208 2138 nollet
1230 2084 1394 2146 descendere
1418 2101 1467 2156 pro
1491 2086 1579 2139 tribus
1603 2084 1713 2140 milibus
1736 2092 1856 2139 aureo-1⁵

538 2190 605 2226 runi.
650 2172 692 2225 hie
716 2187 809 2224 rumor
830 2169 927 2223 mirum
952 2185 1031 2241 quam
1048 2167 1206 2223 exhilaravit
1222 2168 1513 2242 pseudoevangelicos:
1538 2170 1584 2243 qui
1601 2169 1748 2243 triumphi!
1772 2185 1828 2240 qua

537 2255 665 2311 exaltatio
687 2256 721 2310 dc
744 2254 845 2309 nihilo!
875 2253 936 2308 liaec
963 2271 1015 2325 ego
1044 2252 1203 2326 suspicabar
1233 2253 1338 2314 futura,
1369 2255 1415 2308 sed
1438 2271 1527 2327 neque
1548 2255 1631 2309 lleato
1654 2270 1744 2327 neque
1765 2253 1828 2307 llere

537 2341 613 2414 potui
637 2339 801 2413 persuadere
824 2336 911 2411 qualis
934 2346 1006 2393 esset
1029 2338 1134 2392 artifex.
1179 2345 1207 2391 et
1230 2355 1303 2392 eram
1327 2337 1388 2411 plus
1405 2356 1484 2411 quam
1500 2339 1741 2413 occupatissimus,
1765 2354 1829 2410 prae·

537 2425 631 2480 sertim
655 2426 681 2479 in
704 2423 781 2478 noris
804 2422 912 2477 libellis.
957 2422 1022 2488 [luae
1044 2430 1087 2476 est
1109 2422 1167 2476 haec
1190 2422 1339 2477 Germania,
1369 2422 1481 2478 levitas?
1511 2440 1605 2479 earnes
1634 2421 1782 2495 eriaugelici
1804 2413 1829 2487 ἐς

537 2501 666 2580 κόρακας
688 2507 844 2563 exultabant
866 2506 969 2562 Erasini
992 2507 1167 2562 autoritatem
1189 2505 1337 2579 sepultam,
1365 2508 1442 2563 amici
1465 2508 1629 2568 metuebant.
1676 2507 1707 2563 Et
1730 2507 1772 2562 he
1794 2506 1857 2560 salt

539 2594 610 2650 baim
632 2594 665 2648 de
688 2593 822 2651 Hutteno.
851 2591 884 2646 de
907 2592 1028 2649 Othone.
1058 2592 1091 2646 de
1121 2591 1170 2646 hac
1200 2590 1248 2645 lite
1270 2600 1390 2664 agarum
1411 2611 1460 2666 per
1483 2594 1618 2665 quendam
1640 2591 1828 2664 evangelistam

539 2679 781 2750 Argentiaensem,
806 2676 852 2747 qui
875 2692 903 2730 se
927 2675 1005 2747 lingit
1027 2676 1219 2731 araricissimum
1242 2685 1270 2731 et
1292 2685 1370 2749 putat
1392 2694 1434 2732 ure
1457 2695 1511 2733 raon
1528 2677 1699 2749 iutelligerm
1722 2693 1774 2748 ego
1788 2691 1818 2729 co

540 2781 591 2834 gor
612 2760 792 2816 dissimulare.
838 2761 951 2833 Semper
973 2761 1115 2833 prosecari
1146 2760 1282 2833 principes
1311 2780 1325 2814 a
1354 2761 1469 2823 sterilia.
1499 2780 1553 2834 qno
1583 2761 1675 2817 studio
1703 2759 1827 2816 concitari

540 2847 605 2902 mihi
629 2845 798 2917 quorundam
822 2845 890 2906 iras:
913 2843 1027 2916 posthac
1051 2862 1100 2900 nec
1122 2862 1289 2917 compescam
1315 2844 1375 2901 illos
1397 2863 1447 2901 nec
1463 2846 1595 2907 incitabo,
1620 2846 1667 2902 sed
1684 2845 1828 2918 relinquam

540 2931 602 2986 illos
626 2948 676 2985 suo
700 2930 823 3002 ingenio:
847 2945 896 2984 uec
918 2929 988 2984 euim
1012 2927 1097 2985 ullum
1121 2929 1200 2984 baem
1224 2931 1283 2984 iore
1306 2930 1381 2986 rideo
1405 2931 1456 2985 nisi
1480 2931 1596 2991 saritia.
1620 2948 1701 3004 qiman
1717 2929 1750 2984 ad
1767 2927 1855 2984 ant-a

541 3025 585 3070 tos
608 3014 749 3088 pervenire
772 3014 953 3069 uriserandum
977 3022 1032 3068 est:
1056 3015 1103 3069 sed
1128 3014 1183 3069 nae
1206 3014 1314 3070 Christo
1336 3015 1496 3089 relinquam.
1541 3016 1618 3070 blitto
1641 3016 1674 3071 ad
1700 3023 1725 3070 te
1741 3006 1830 3087 posta

541 3100 671 3155 lationem
694 3099 782 3160 illius,
807 3117 892 3154 nreaun
915 3100 1138 3171 responsionem,
1162 3107 1189 3153 et
1211 3099 1378 3154 arbitrorum
1401 3100 1578 3160 sententiam.
1603 3108 1633 3155 ut
1656 3117 1713 3154 rem
1729 3114 1828 3153 omnem

540 3203 690 3257 cognoscas
713 3193 741 3240 et
763 3184 854 3239 amicis
876 3183 1058 3239 corrrmunices
1097 3225 1576 3239 .....................
1600 3184 1712 3239 basileae
1734 3191 1758 3240 8.
1781 3180 1828 3236 mt.

541 3271 622 3326 liaias
645 3273 721 3326 Anno
747 3277 820 3328 1528.
1168 3268 1226 3323 Nou
1250 3268 1349 3341 relegi,
1374 3269 1492 3341 ignosce.
1516 3270 1642 3342 agnoscis
1662 3261 1751 3324 tuum.

581 3486 792 3551 ³quaiibusque
814 3489 837 3535 t.
874 3484 1036 3533 ⁴arbitrum
1057 3487 1081 3532 1.
1117 3483 1239 3533 tmanni
1253 3487 1278 3533 1.
1314 3483 1414 3550 8φίλ.]
1435 3486 1561 3534 amicum.
1598 3481 1736 3550 lductam]
1755 3483 1830 3532 Geor-

543 3574 617 3633 gium
629 3572 766 3621 Saxoniae.
804 3568 908 3635 occas]
926 3572 951 3618 ia
962 3571 1047 3632 epod
1058 3570 1178 3633 Eppead.
1192 3569 1264 3631 infra
1276 3570 1366 3635 pata.
1380 3571 1492 3634 repetita
1504 3571 1615 3618 additum
1628 3577 1666 3620 est
1680 3567 1829 3619 rescinden-

543 3656 584 3706 ‹lae
607 3673 705 3706 reeens
724 3662 807 3705 sartoe
827 3654 991 3705 concordiae.
1028 3653 1050 3685 ¹⁰
1067 3654 1214 3703 dicundum
1234 3658 1258 3702 1.
1296 3652 1316 3684 ¹¹
1336 3655 1457 3703 iactaret
1471 3657 1526 3703 1.2.
1564 3653 1585 3685 ¹⁶
1604 3656 1769 3719 mirumq31.
1789 3652 1830 3700 mi-

543 3757 600 3790 rum
621 3743 790 3806 quantumt.
855 3738 1104 3804 pserrdoangelicos
1124 3741 1149 3787 1.
1214 3730 1243 3797 ἐς
1255 3731 1390 3803 κόρακας]
1405 3739 1438 3787 ad
1452 3756 1549 3790 corvos
1623 3737 1643 3770 ²¹
1663 3739 1830 3804 quoadnml.

544 3827 708 3890 Capitonem
721 3825 829 3889 pungit.
845 3825 883 3873 cf.¹
897 3825 977 3887 epist.
993 3823 1027 3871 ad
1041 3822 1155 3871 Goelen.
1170 3838 1253 3888 supra
1266 3840 1292 3888 p.
1304 3822 1362 3872 too.
1377 3824 1400 3884 ξ.
1411 3823 1449 3874 ll.
1485 3823 1507 3856 ²³
1521 3824 1661 3874 Commodi
1674 3840 1764 3874 naeres
1776 3825 1832 3871 sunt

544 3910 590 3973 qui
610 3909 740 3957 simulare
761 3914 808 3956 aut
826 3908 1013 3965 dissiundare‚
1035 3909 1145 3957 mentiri
1159 3896 1214 3956 ‘aut
1232 3924 1326 3959 rorum
1340 3909 1432 3958 dicere
1446 3926 1494 3973 pro
1508 3911 1548 3958 rei
1562 3909 1686 3958 utilitate
1702 3909 1764 3973 cogi
1777 3922 1831 3972 pas·

544 3998 616 4041 suut.
653 3990 837 4057 dissimulare]
857 3993 980 4041 Tandem
995 3993 1121 4042 conlecto
1134 3994 1233 4057 spiritu
1246 3994 1318 4043 hane
1339 3994 1485 4058 epistulam
1504 3994 1623 4044 Basileae
1643 3993 1668 4042 d.
1682 3993 1707 4041 2.
1722 3993 1796 4057 Sept.
1810 4007 1831 4039 a.

547 4076 619 4127 1529.
640 4079 770 4126 Erasmus
789 4077 919 4142 Capitoni
944 4077 1056 4141 scripsit
1080 4078 1154 4138 „Tot
1178 4079 1346 4128 coniecturis
1370 4078 1469 4140 diacon,
1497 4084 1527 4128 ut
1550 4080 1671 4128 seientia
1695 4079 1733 4126 sit
1751 4077 1832 4141 magis

544 4176 646 4226 „qnam
670 4162 808 4226 aruspicia,
827 4167 854 4210 te
875 4162 1101 4226 quemadmodum
1120 4162 1258 4211 Othonem
1277 4163 1365 4227 prius,
1392 4164 1431 4229 ita
1454 4177 1526 4211 nranc
1544 4163 1787 4227 Epphendorpium
1808 4163 1832 4208 ia

544 4261 614 4305 „nos
634 4247 791 4295 immittere.
817 4247 917 4308 Qrioeso
930 4252 960 4295 ut
978 4247 1041 4296 istis
1060 4247 1166 4296 artibus
1184 4249 1273 4296 utaris
1293 4249 1321 4295 in
1341 4247 1452 4312 eosqui
1472 4247 1523 4295 tibi
1544 4247 1615 4296 male
1636 4247 1731 4296 rolant
1748 4247 1833 4311 potius

545 4346 647 4395 „quam
662 4331 689 4379 in
702 4331 859 4380 Erasmum:
873 4332 965 4381 nescis
979 4338 1110 4395 qnantum
1122 4333 1224 4396 possim
1239 4332 1349 4386 laedere.
1369 4333 1438 4381 satis
1451 4339 1493 4381 est
1506 4333 1713 4396 tragoediarum,
1729 4329 1832 4380 etiamsi

546 4415 634 4473 ..ninii
659 4416 786 4465 accedat.
823 4416 919 4466 laboro
938 4432 986 4481 pro
1005 4417 1119 4481 negotio
1138 4415 1302 4480 erauq‘relieo
1321 4415 1405 4465 natrlto
1424 4418 1560 4465 sincerius
1580 4432 1660 4480 quam
1679 4422 1709 4465 tu
1729 4415 1833 4465 eredas:

544 4517 627 4563 „nam
647 4506 744 4549 restae
764 4501 892 4550 ecclesiae
911 4517 1049 4564 nunqnam
1069 4502 1140 4550 dabo
1159 4517 1271 4561 nomon,
1292 4502 1320 4549 ni
1340 4500 1425 4550 aliam
1438 4502 1543 4551 ridere.
1562 4502 1639 4550 Bene
1653 4501 1732 4561 valo,
1753 4505 1781 4550 ct
1793 4499 1834 4548 ini

544 4587 658 4645 „iuveni
677 4584 708 4650 [i.
728 4603 751 4635 e.
765 4583 970 4650 Eppeudorslia]
988 4584 1145 4634 da'meliua
1170 4585 1341 4635 eonsilium.”
1378 4586 1482 4635 Erasini
1499 4587 1568 4650 Epp.
1589 4587 1621 4634 L.
1642 4587 1675 4635 B.
1697 4584 1833 4646 naason

543 4689 570 4734 p.
589 4670 660 4719 toas.
675 4671 710 4718 „a
725 4670 784 4717 517.
798 4674 909 4734 append.
947 4670 1110 4734 t'npitoncm
1131 4671 1215 4718 etiam
1229 4670 1373 4719 t'oeblaens
1388 4671 1463 4729 (hist.
1478 4671 1526 4719 rit.
1542 4677 1569 4718 et
1583 4676 1637 4719 net.
1653 4671 1736 4722 Lutb.
1750 4671 1834 4720 Paris.

549 4754 620 4803 tatia.
639 4754 675 4802 8⁰.
697 4753 743 4802 fol.
758 4752 811 4808 aa.)
831 4755 1040 4816 rocat„riram
1061 4753 1169 4818 quidem
1189 4755 1323 4803 eruditum
1344 4761 1372 4803 et
1392 4756 1554 4817 sacrandum,
1580 4756 1629 4804 sed
1649 4758 1762 4806 astutiae
1780 4755 1834 4820 plus

546 4854 626 4902 quam
645 4837 766 4902 vulpinae
785 4838 963 4886 vehementer
982 4839 1139 4887 callidum.”
1192 4836 1215 4869 ²⁶
1232 4839 1280 4889 sed
1299 4839 1359 4890 haec
1379 4838 1437 4904 etc]
1457 4840 1565 4889 Pilatus
1584 4841 1656 4889 dixit
1676 4842 1745 4907 ‘Ego
1764 4843 1835 4890 iuno·

545 4937 611 4971 cens
629 4937 688 4970 amn
707 4938 723 4970 a
742 4923 877 4988 sangnine
895 4922 976 4972 huius
996 4924 1073 4984 iusti,
1096 4939 1143 4973 vos
1162 4923 1307 4973 videritis·
1360 4918 1383 4956 ²⁶
1400 4924 1514 5000 Basilea
1532 4925 1573 4974 24.
1588 4925 1705 4990 ApriliS,
1727 4930 1752 4976 2.
