4367 6084
534 712 606 786 300
659 757 666 764 -
709 727 908 778 cccxxxm.
929 742 1049 779 orosam
1061 743 1166 779 nussia
1179 744 1322 780 anvnnsvs
1335 744 1510 780 assumtum
1523 745 1659 781 mmm.

532 903 592 961 nim
614 900 768 960 uidemus
789 902 843 960 lios
860 918 969 961 errare
989 902 1116 973 iudicio,
1145 910 1244 962 tamen
1266 902 1392 974 affectus
1413 911 1459 963 est
1473 906 1560 978 pius,
1587 918 1678 977 quium
1695 920 1826 977 persua-

463 1012 531 1063 iaao.
542 1020 606 1063 sum
622 1002 765 1075 labeant,
784 1021 843 1078 per
857 1003 983 1063 Lutaeri
1003 991 1170 1064 doctrinam
1192 1008 1365 1064 innumeras
1387 1009 1504 1064 animas
1515 1007 1630 1080 perire.
1677 1005 1717 1064 Et
1732 1012 1825 1064 tamen

526 1124 586 1182 per
607 1108 789 1165 occasionem
808 1112 947 1179 utrosque
964 1122 1081 1179 monce,
1112 1111 1140 1167 si
1164 1109 1239 1166 milii
1262 1108 1423 1166 uideantur
1447 1108 1627 1166 addictiores
1652 1122 1719 1166 suoe
1734 1109 1825 1180 porti.

531 1225 626 1282 neque
651 1210 728 1267 enim
755 1208 804 1267 iiic
831 1211 992 1267 institutum
1020 1215 1064 1268 est
1083 1212 1293 1284 pronunciare
1318 1194 1519 1276 deludam,
1549 1209 1603 1267 sed
1623 1208 1750 1267 Hntteni
1773 1225 1825 1267 ea-

531 1313 651 1369 lamniis
667 1310 857 1383 respondere.
904 1309 983 1380 Quid
998 1326 1064 1369 mea
1082 1314 1176 1371 citilis
1195 1312 1326 1370 amicitia
1341 1319 1426 1369 nocet
1440 1307 1589 1369 Lietltcro?
1608 1309 1751 1382 fortassis
1768 1312 1841 1369 ali-⁵

462 1412 609 1473 §marubi
631 1411 764 1486 prodest.
810 1410 1003 1470 Reuerendus
1028 1418 1118 1486 pater
1138 1411 1268 1471 Ioannes
1288 1416 1444 1487 episcopus
1466 1412 1616 1484 lioffensis
1637 1415 1760 1486 scripsit
1780 1415 1826 1471 iu-

529 1531 603 1586 pens
625 1515 757 1572 uolumen
780 1514 810 1570 in
832 1513 1005 1572 Lsatneram.
1049 1516 1118 1581 iam,
1131 1517 1199 1573 olim
1222 1531 1292 1573 usas
1307 1530 1370 1573 sum
1386 1516 1437 1573 itio
1451 1516 1515 1573 uiro
1529 1520 1558 1572 et
1571 1516 1724 1587 sinpulari
1736 1516 1826 1572 amico
1883 1569 1889 1586 ,

532 1624 560 1675 et
579 1616 813 1675 constantissimo
829 1621 976 1689 patrono:
1003 1632 1043 1673 an
1072 1616 1181 1674 iubebit
1200 1615 1347 1674 liuttenus
1372 1624 1404 1674 at
1427 1617 1473 1674 itti
1500 1615 1676 1675 denunciem
1698 1618 1826 1674 inimici-

463 1731 530 1781 sam,
543 1721 629 1788 tiam,
654 1720 725 1791 quia
747 1718 844 1775 stilum
864 1719 945 1775 acuit
969 1719 999 1774 in
1020 1712 1206 1776 Lutlterum?
1230 1715 1307 1775 ‘Cam
1334 1716 1459 1775 eraditis
1485 1717 1583 1789 serum
1602 1717 1739 1776 omnibus
1759 1717 1829 1775 mini

531 1824 738 1880 intercesserat
759 1819 891 1876 amicitia
910 1825 978 1877 aute
994 1818 1155 1877 Lutlterum
1177 1819 1405 1890 coanitum.·‘eae
1426 1820 1472 1878 leis
1494 1819 1614 1892 qnidam
1633 1825 1703 1894 post
1727 1820 1856 1893 cape-tl

530 1929 603 1981 runt
625 1921 732 1993 fauere
755 1920 900 1991 luthero,
925 1909 983 1978 non
1012 1921 1077 1979 idea
1098 1923 1276 1979 renunciant
1295 1922 1337 1979 eis
1363 1923 1523 1979 amicitiam
1548 1923 1682 1989 ciuilem·
1707 1921 1827 1995 quidam

532 2025 638 2124 mutati
657 2029 737 2092 sunt,
763 2039 844 2080 nnnc
864 2037 974 2096 param
1000 2021 1071 2079 oeae
1092 2022 1130 2080 de
1149 2022 1278 2081 Lutacro
1297 2025 1466 2091 sentientes,
1489 2039 1543 2082 nec
1560 2024 1625 2081 ideo
1645 2023 1749 2082 desino
1769 2023 1827 2080 aa·

462 2139 532 2188 §.ms
544 2129 613 2205 bere
629 2141 689 2200 pro
704 2125 817 2183 amieis.
861 2123 921 2182 Nec
942 2125 983 2180 ita
999 2138 1045 2181 me
1065 2122 1156 2195 libra,
1178 2134 1209 2182 ut
1230 2125 1274 2182 ad
1291 2126 1437 2183 uictricem
1456 2130 1574 2199 partem
1589 2125 1742 2183 aduolem:
1764 2125 1828 2182 *en

530 2231 705 2291 Latlseraua
727 2232 818 2300 parte
843 2225 917 2298 ataid
937 2230 981 2282 est
1007 2224 1087 2298 qaod
1110 2241 1236 2299 sperare
1258 2221 1387 2299 queam?
1415 2226 1496 2298 quod
1514 2228 1611 2284 altera
1631 2242 1710 2300 pars
1731 2225 1827 2298 offert,

531 2348 598 2407 quae
615 2336 709 2406 potest
727 2330 903 2403 plurimam,
926 2332 1095 2385 constanter
1114 2329 1267 2395 recusati,-
1285 2327 1341 2386 sed
1360 2330 1481 2387 consula
1503 2329 1594 2401 uuicti
1613 2344 1702 2398 auce,
1725 2344 1827 2401 meque
1844 2333 1877 2375 ¹⁵

531 2433 633 2507 quoad
651 2434 720 2491 licet
740 2432 887 2501 inteprum
907 2444 1005 2499 seraa,
1034 2443 1092 2501 qao
1112 2428 1248 2503 pluribus
1270 2444 1374 2502 queam
1392 2431 1535 2503 prodesse
1549 2446 1610 2503 per
1626 2432 1827 2510 occasionem·

531 2536 647 2594 interim
669 2534 802 2606 synceris
824 2533 894 2588 uotis
916 2535 982 2604 opto
1001 2533 1130 2603 riporem
1150 2533 1351 2603 eaanpeticum
1370 2538 1400 2589 et
1413 2531 1524 2589 Christi
1538 2534 1667 2603 ploriam
1684 2548 1743 2605 per
1757 2532 1827 2587 uni-

531 2649 646 2693 uersam
666 2633 764 2709 orbem
786 2631 994 2705 efflorescere,·
1018 2631 1056 2689 de
1080 2648 1126 2690 mc
1151 2632 1259 2692 uiderit
1281 2634 1360 2707 ipse:
1387 2635 1416 2691 in
1443 2633 1502 2691 trac
1529 2636 1587 2692 nita
1607 2634 1684 2692 ninii
1704 2638 1828 2706 expecto

529 2736 702 2809 felicitatis·
727 2733 782 2791 sed
798 2733 929 2804 aequiore
950 2737 1047 2790 tamen
1067 2735 1166 2791 animo
1186 2750 1250 2792 sam
1271 2737 1422 2806 exiturus,
1451 2737 1479 2793 si
1499 2735 1600 2794 uidero
1623 2735 1734 2793 Christi
1749 2751 1828 2793 cau-

464 2848 604 2898 t.²³⁴.sam
623 2836 711 2908 serre
723 2837 867 2909 palmam.
909 2832 977 2892 lan
994 2834 1038 2891 ad
1053 2836 1221 2907 pontificem
1235 2835 1403 2895 Romanum
1424 2837 1529 2908 redeo,
1552 2837 1590 2921 de
1607 2853 1664 2910 qao
1679 2837 1880 2895 crimina-²⁰

531 2947 580 2999 tur
600 2955 645 2997 me
668 2953 747 2996 nnnc
764 2938 852 2994 aliter
866 2937 975 2994 sentire
989 2951 1079 3009 quam
1093 2938 1162 2994 otim
1175 2940 1326 2997 senserim.
1371 2935 1511 3000 ‘Laudas'
1531 2940 1626 3012 inquit
1647 2939 1829 3012 ‘leaucpon-

532 3045 647 3116 ‘tificem
669 3046 698 3099 et
719 3039 756 3097 aa
778 3054 811 3097 eo
836 3037 975 3097 laudaris
996 3036 1141 3099 uicissim’.
1185 3039 1303 3111 Lauda,
1330 3040 1385 3097 sed
1411 3055 1496 3113 quem
1524 3055 1578 3112 epa
1605 3042 1704 3098 multis
1726 3041 1829 3098 conie-

531 3147 624 3205 cturis
646 3143 794 3201 adductus
813 3155 901 3215 spero
918 3157 1043 3214 syncera
1059 3147 1180 3215 pertore
1193 3142 1395 3199 consulturum
1412 3141 1662 3213 portaturum·
1683 3147 1829 3198 ettamen

530 3246 621 3306 laudo
646 3245 832 3320 parcissime.
876 3258 916 3299 an
943 3244 1119 3316 indipnatur
1147 3242 1306 3313 illatenus,
1331 3245 1360 3299 si
1384 3245 1471 3301 talem
1495 3244 1676 3316 pontaticum,
1703 3247 1734 3299 et
1759 3244 1828 3300 otim

532 3351 658 3407 amicum
677 3353 706 3405 et
726 3335 806 3404 nunc
826 3345 1052 3416 benevolentem,
1073 3347 1181 3419 paucis
1200 3344 1294 3402 uerbis
1315 3343 1407 3403 lando
1429 3346 1459 3403 in
1484 3346 1603 3418 scriptis
1621 3346 1711 3416 meis,
1738 3350 1872 3418 quanm

530 3455 594 3527 ipse
616 3452 710 3521 toties,
728 3455 768 3508 tot
788 3449 895 3518 uerbis,
923 3453 983 3505 tam
1005 3448 1162 3519 mapnifice
1176 3446 1361 3520 praedicetur
1382 3448 1413 3504 in
1434 3448 1553 3520 scriptis
1573 3447 1659 3516 meis,
1686 3447 1777 3503 etiam
1800 3447 1831 3502 iu

531 3571 620 3628 opere
638 3553 732 3622 serio,
755 3552 833 3608 uelut
852 3552 882 3607 in
905 3549 1142 3608 annotationibus
1165 3550 1233 3606 noti
1249 3544 1531 3622 testamentiiaaur
1552 3548 1601 3607 laic
1620 3563 1667 3606 me
1686 3562 1746 3606 uon
1769 3563 1831 3622 ap-

463 3662 529 3712 §.235-
537 3659 635 3732 pellat
650 3647 882 3729 assentatorem?
899 3649 1041 3722 Pontifex
1058 3653 1135 3709 veltro
1156 3652 1234 3709 misit
1251 3650 1294 3708 ad
1311 3667 1356 3710 me
1371 3651 1430 3710 dua
1445 3651 1561 3721 breuia,
1582 3665 1708 3723 quorum
1725 3657 1831 3723 poste-

531 3761 595 3817 rius
616 3762 683 3816 erat
695 3757 801 3829 priore
823 3755 972 3835 amantius
993 3754 1148 3827 scriptum.
1192 3768 1229 3810 ea
1253 3754 1299 3810 ael
1318 3751 1353 3811 ob
1374 3752 1428 3811 lioa
1441 3753 1565 3811 libenter
1578 3767 1642 3810 sam
1659 3754 1830 3826 amplexas,

532 3859 613 3934 quod
629 3860 777 3932 ploeriaae
798 3861 908 3913 ueteres
928 3856 1019 3912 amici
1038 3856 1098 3912 mei
1108 3855 1166 3913 stoi
1178 3861 1290 3914 certam
1305 3857 1427 3914 esitium
1446 3854 1573 3914 Erasmo
1591 3860 1738 3928 paratam
1751 3851 1871 3928 pro-'so

531 3963 689 4029 miserant,
714 3964 908 4031 posteaquam
934 3956 984 4014 liic
1010 3941 1079 4014 erat
1104 3959 1212 4016 electas
1239 3956 1396 4031 pontifex:
1421 3973 1458 4015 ea
1486 3971 1536 4013 res
1557 3957 1622 4014 illos
1643 3957 1832 4015 sveaenenm

525 4061 658 4155 fefellit:
683 4062 781 4132 finpat
807 4060 921 4115 nullum
944 4058 1036 4115 aliam
1057 4056 1193 4129 fructum
1215 4058 1290 4117 milii
1310 4059 1476 4117 redituram
1496 4074 1537 4116 ex
1553 4060 1683 4132 epistolis
1700 4060 1830 4132 pontifi-

464 4167 599 4235 σαπροῖς,
623 4177 693 4220 nram
705 4167 795 4234 putas
810 4159 865 4218 ltoc
886 4157 1133 4233 aspernantium?
1154 4160 1216 4221 Sed
1236 4161 1381 4220 Haltenas
1402 4160 1482 4218 lianc
1502 4161 1636 4235 appellat
1651 4159 1829 4247 ⁸vafriciem.

532 4265 587 4325 His
606 4264 758 4340 praesidiis
779 4262 924 4321 Erasmus
944 4261 1082 4321 subsistat
1102 4270 1233 4338 oportet:
1254 4263 1400 4322 Ilutteuus
1418 4261 1506 4320 ualet
1523 4276 1625 4333 arces,
1647 4262 1757 4333 vallos,
1776 4277 1830 4320 co-

529 4371 611 4443 pias,
634 4365 824 4436 lumbarias,
847 4364 962 4436 scamas,
983 4366 1079 4437 iones,
1098 4365 1230 4437 alodios,
1257 4365 1370 4435 edicta,
1398 4364 1489 4434 bella,
1513 4363 1617 4436 quilius
1636 4379 1669 4421 se
1689 4369 1863 4432 tuealumt

532 4470 605 4530 mili
628 4469 806 4544 praesidium
832 4483 916 4526 amne
944 4468 1030 4524 sitam
1051 4473 1096 4524 est
1117 4465 1276 4537 insanare
1299 4466 1439 4524 bonorum
1461 4471 1490 4523 et
1510 4465 1699 4538 quarundam
1719 4473 1829 4539 poten-

532 4575 620 4640 tium,
642 4586 699 4645 qao
721 4579 897 4629 tamennon
920 4569 1027 4628 abutor
1048 4570 1108 4627 nisi
1129 4569 1173 4626 ad
1187 4569 1340 4642 publicam
1365 4568 1535 4626 utilitatem:
1557 4581 1627 4624 nam
1648 4568 1753 4626 simei
1772 4584 1829 4624 ra-

463 4687 531 4736 iam.
543 4677 647 4735 tionem
665 4673 820 4742 ualerem,
842 4673 904 4731 alia
923 4671 1101 4745 inarcdcrer
1118 4673 1175 4729 oia.
1221 4669 1261 4728 Et
1277 4676 1374 4729 tamea
1390 4668 1535 4727 Haltenus
1544 4667 1679 4740 sortasse
1693 4685 1753 4727 aon
1768 4669 1828 4726 aa·

533 4777 579 4835 bet
599 4792 680 4834 noina
701 4775 751 4833 cui
770 4776 882 4843 timeat,
904 4789 995 4847 eoque
1015 4771 1107 4844 sortis
1127 4779 1178 4832 est.
1224 4772 1287 4845 Epo
1308 4789 1346 4830 ne
1366 4773 1508 4842 mentiar,
1537 4772 1624 4828 timeo
1642 4770 1728 4829 liaris
1748 4772 1827 4835 meis,

532 4911 734 4922 -—-—-—

599 4976 619 5008 ²¹
635 4975 700 5041 inq.]
716 4979 753 5028 cf.
767 4979 881 5041 Expost.
895 4975 983 5036 §§.39.
993 4973 1049 5023 127.
1059 4974 1116 5025 156.
1133 4975 1189 5025 188.
1237 4963 1260 5005 ‘f
1271 4975 1300 5023 in
1314 4970 1419 5039 annom]
1435 4973 1470 5022 cf.
1484 4986 1569 5036 supra
1581 4970 1635 5021 vol.
1643 4971 1665 5020 1.
1679 4988 1704 5036 p.
1717 4970 1773 5020 103.
1787 4986 1826 5034 oq.

532 5058 642 5124 ³³honc]
651 5076 705 5111 non
719 5061 844 5126 appellat
856 5061 1005 5121 vafritiem,
1014 5061 1200 5112 sedEraomus
1210 5060 1332 5110 sensisse
1343 5060 1453 5110 videtur
1465 5058 1506 5106 ita
1520 5056 1716 5122 appellandam
1731 5056 1825 5106 fuisse.
