4367 6084
410 715 628 767 CCCXXMIII.
648 729 836 765 annuarunsn
851 730 903 765 rao
917 729 1047 765 nrrrsuo
1060 729 1097 765 an
1110 726 1212 763 umnam
1228 728 1369 762 srouomu
1383 727 1546 763 aaaronsro.
1583 694 1657 767 329

360 908 515 964 omnesque
537 890 691 964 principes,
715 888 756 945 rid
779 890 801 945 si
818 897 899 945 totns
923 890 948 944 in
972 889 1044 944 burro
1058 887 1243 961 conspirasset
1259 887 1348 948 orbis.
1372 906 1432 943 cmn
1456 888 1536 944 bodie
1558 886 1659 944 raiultos
1716 880 1720 885 ’

359 975 547 1050 probissimos
570 975 643 1031 viros
666 976 802 1030 valeamus
824 973 957 1048 proscribi
987 991 1019 1029 ex
1047 972 1116 1028 aulis
1145 980 1259 1045 proptor
1280 973 1443 1034 lutherum,
1470 973 1604 1046 deiiciqne
1627 971 1660 1028 ab

361 1060 543 1121 sacerdociis,
567 1060 759 1131 dignitatibus,
783 1059 892 1119 ornetis.
917 1076 971 1115 nou
994 1057 1082 1114 solum
1107 1074 1139 1112 ne
1162 1065 1347 1112 commoveant
1369 1058 1505 1119 iuvidiam,
1529 1059 1575 1113 scd
1597 1057 1659 1131 quia

362 1145 455 1217 gravis
479 1153 520 1199 est
543 1145 623 1200 etiam
646 1145 760 1209 venitm,
783 1153 864 1217 atque
888 1144 939 1198 boe
962 1144 1069 1197 tandem
1093 1160 1184 1198 rerum
1208 1141 1346 1214 praemium
1369 1142 1501 1214 evangelii
1524 1151 1574 1198 est.

335 1240 351 1276 5
431 1223 517 1305 [ezra]
562 1245 612 1285 ua.
641 1228 695 1295 Qui
718 1229 843 1284 Hutteno
865 1230 1005 1300 sanquine
1027 1227 1250 1283 coniunctissimi
1270 1233 1350 1294 sarrit,
1374 1245 1428 1287 cur
1450 1229 1560 1282 malunt
1581 1228 1660 1284 illurn

364 1316 465 1370 abesse
495 1315 530 1367 ab
556 1315 783 1385 possessionibus
810 1315 870 1368 suis
888 1313 1036 1383 putatemus,
1067 1313 1124 1366 nisi
1144 1313 1220 1382 quod
1241 1319 1369 1366 metuunt
1390 1313 1542 1367 inuidiam?
1608 1329 1659 1368 or.

363 1399 457 1471 Neque
481 1397 519 1453 illi
544 1415 662 1471 nuquam
685 1399 838 1459 eiecerunt.
863 1413 953 1471 neque
973 1395 1042 1452 male
1065 1397 1103 1451 illi
1128 1395 1281 1451 voluerunt.
1326 1405 1353 1451 et
1376 1388 1443 1451 mira
1466 1406 1508 1452 est
1531 1396 1588 1453 baec
1612 1398 1659 1452 im·

365 1483 495 1557 pudentia
519 1483 546 1538 iu
571 1491 610 1543 te.
635 1482 681 1556 qui
704 1483 743 1538 sic
765 1482 850 1538 libere
873 1482 998 1554 nugaris,
1022 1482 1099 1555 quasi
1122 1498 1201 1536 nemo
1224 1489 1297 1536 esset
1313 1481 1422 1536 iuturus
1438 1490 1593 1554 superstes,
1615 1483 1660 1538 cui
1741 1472 1749 1490 ⁸

366 1575 518 1642 perspectae
541 1566 690 1623 lluttenicae
714 1585 758 1623 res
780 1575 881 1622 esseut.
927 1565 985 1640 lpse
1008 1583 1071 1621 vero
1094 1584 1202 1639 sempor
1224 1565 1351 1620 mouebat
1373 1574 1511 1639 parentem
1535 1567 1661 1640 rogabat·

328 1667 421 1725 toque
444 1651 566 1725 posthaec
589 1659 702 1708 matrem
725 1652 843 1713 viduam,
872 1650 987 1723 rogabat
1009 1650 1109 1707 iratres
1132 1668 1240 1711 artinas,
1268 1668 1302 1706 ue
1324 1652 1474 1706 conderent
1497 1669 1544 1707 sua
1566 1670 1659 1708 caussa

366 1735 491 1793 invidiam
515 1735 580 1798 sibi,
610 1754 644 1791 ne
673 1736 736 1809 quid
759 1736 966 1810 suppeditarent
988 1734 1028 1808 rel
1052 1753 1143 1810 operae
1166 1734 1206 1791 rel
1231 1735 1425 1808 impensarum.
1456 1737 1525 1791 unde
1548 1745 1662 1811 possent

366 1821 401 1876 ab
423 1820 527 1877 aemulis
551 1820 639 1876 vocari
663 1822 689 1875 in
713 1821 755 1877 ius
778 1819 819 1876 rel
842 1821 869 1875 in
892 1819 989 1875 malam
1011 1820 1194 1894 suspicionem
1217 1820 1316 1875 reuire.
1362 1819 1402 1876 Ob
1424 1838 1481 1875 earu
1505 1838 1561 1877 rem
1594 1838 1662 1895 quo·

367 1923 421 1979 que
444 1905 587 1978 separabat
609 1922 638 1960 se
661 1923 675 1960 a
698 1914 811 1979 paterna
834 1905 1018 1978 possessione.
1064 1906 1171 1960 tandem
1194 1922 1254 1959 cum
1277 1913 1303 1960 et
1320 1914 1406 1961 rnater
1420 1906 1605 1968 discessisset,
1622 1914 1662 1961 at·

367 2007 422 2063 que
445 1990 503 2063 ipse
525 1990 726 2064 primogenitas
748 1999 807 2045 erat
829 1998 856 2044 et
879 1989 1003 2044 donnaus
1026 1990 1110 2046 castri
1132 2007 1163 2045 ac
1185 1990 1391 2064 possessionum
1408 1991 1543 2053 omnium,
1567 1990 1662 2046 maluit

333 2083 459 2130 tatamen
482 2074 577 2130 abesse
600 2092 680 2148 qnam
703 2093 751 2130 suu
773 2092 867 2131 caussa
891 2075 990 2129 tratres
1012 2074 1129 2148 aliquam
1152 2074 1273 2147 accipere
1296 2075 1440 2130 iacturam:
1463 2076 1584 2149 adeoque
1608 2092 1661 2130 nou

367 2159 420 2214 luit
443 2159 579 2215 sollicitus
601 2160 634 2214 do
656 2158 877 2233 possessionibus
900 2167 927 2213 ot
949 2159 1051 2232 patria,
1082 2169 1112 2214 ut
1141 2159 1197 2214 lere
1226 2159 1335 2232 integro
1364 2177 1435 2215 anno
1458 2160 1576 2216 nesciret
1598 2160 1661 2234 quid

367 2244 401 2299 de
423 2244 512 2317 patria
534 2253 562 2299 et
584 2243 666 2298 rebus
696 2245 752 2299 suis
781 2240 853 2300 dorm
884 2252 1022 2316 ageretur.
1065 2244 1167 2298 Parens
1190 2242 1296 2299 rotrrlus
1320 2244 1398 2300 initio
1421 2245 1595 2301 vehementer
1617 2264 1663 2301 co·

369 2327 479 2384 natibus
502 2327 623 2389 obstitit.
648 2328 744 2386 timens
767 2326 1003 2401 possessionibus.
1027 2346 1087 2383 mox
1111 2337 1199 2384 tamen
1223 2328 1345 2402 placatus
1367 2338 1424 2392 est;
1448 2329 1547 2384 iratres
1562 2329 1664 2386 Frobe·

369 2413 446 2474 nius,
476 2413 637 2468 Laurentius
660 2421 687 2468 et
710 2413 823 2480 loannes
846 2414 885 2469 sic
908 2412 1045 2474 favebant,
1074 2421 1105 2467 ut
1128 2412 1247 2467 omnium
1269 2413 1381 2469 manime
1404 2413 1481 2470 solus
1503 2414 1663 2476 Frobenius.

335 2514 361 2552 ao
372 2496 575 2553 architriclinus
598 2497 719 2572 episcopi
743 2497 1047 2571 obnitebatumueqne
1075 2498 1101 2553 id
1131 2497 1232 2553 trustra
1262 2498 1393 2560 fortasse,
1423 2499 1495 2572 quod
1519 2498 1596 2555 lacile
1619 2517 1664 2565 sue

370 2582 469 2655 spicari
492 2591 593 2655 potest.
920 2593 922 2596 ⁴

437 2661 523 2742 [itt]
568 2683 618 2723 un.
643 2666 701 2722 Sed
722 2669 798 2738 quod
812 2668 877 2722 inde
893 2675 1045 2722 metuerem
1062 2669 1196 2723 invidiam
1213 2685 1230 2721 ιι
1246 2668 1483 2724 Romanensibus.
1544 2685 1594 2724 or.
1619 2671 1665 2724 bt·

371 2770 424 2824 que
447 2751 499 2807 boc
523 2759 612 2807 tamen
635 2760 676 2807 est
699 2752 771 2825 quod
795 2751 932 2825 queritur,
957 2751 1112 2826 inexplebili
1135 2754 1212 2809 lamae
1235 2753 1280 2808 siti
1303 2753 1468 2810 incantatum
1484 2762 1525 2816 te.
1549 2762 1576 2810 et
1593 2754 1665 2828 quod

372 2835 518 2909 impiorum
542 2836 628 2890 minas
651 2836 712 2909 plus
735 2836 801 2892 lacis
824 2855 903 2910 quam
926 2837 1042 2910 gloriam
1065 2838 1174 2892 Clnisti.
1221 2837 1267 2893 llic
1289 2846 1364 2894 certe
1386 2856 1444 2895 rem
1467 2857 1516 2895 acu
1540 2840 1664 2912 tetigisti.

337 2938 362 2977 re
437 2914 523 2995 [itt]
569 2938 618 2977 urs.
642 2921 688 2976 Ite
711 2938 788 2976 rrrrne
810 2937 921 2992 quoqne
943 2924 1018 2977 inter
1040 2938 1159 2994 nauprms
1180 2923 1336 2978 baberetur
1350 2927 1495 2995 protiosus
1510 2920 1665 2991 Huttenus,

369 3011 523 3074 possetque
545 3007 580 3060 ntr
603 3007 730 3060 omnibus
752 3007 825 3061 eitra
848 3007 981 3062 inuidiam
1004 3009 1253 3079 amari-colique.‘
1297 3024 1348 3064 or.
1373 3009 1411 3063 bd
1427 3010 1490 3083 quid
1506 3027 1569 3066 vero
1586 3027 1666 3083 qnam

372 3089 404 3144 ad
428 3088 557 3144 maiorem
580 3089 798 3145 damnationem?
821 3091 866 3146 Vre
889 3091 975 3152 euim,
1000 3091 1104 3164 inquit,
1126 3109 1187 3147 eum
1209 3091 1376 3147 laudaverint
1400 3111 1447 3148 ros
1470 3111 1564 3149 omues
1580 3094 1666 3150 bomi-

374 3191 437 3236 nes;
468 3175 615 3230 seeundum
643 3175 695 3230 boe
722 3175 793 3230 cuim
822 3174 957 3231 iaciebant
984 3176 1233 3251 pseudoprophetis
1261 3185 1353 3250 patres
1382 3194 1486 3233 eorum
1530 3178 1666 3235 Praeterea

373 3258 418 3330 qm
442 3259 482 3326 sic
503 3257 567 3314 velit
589 3258 622 3313 ab
645 3259 770 3315 omnibns
793 3260 889 3320 amari.
918 3268 964 3314 unt
992 3258 1136 3315 simulator
1163 3260 1261 3315 existat
1284 3278 1394 3315 neeesse
1417 3271 1459 3317 est
1481 3269 1528 3316 aut
1550 3263 1666 3335 insignis

338 3341 483 3398 uenabulo.

440 3421 526 3502 [itt]
572 3444 622 3484 aa.
646 3428 735 3484 Dicas
757 3432 878 3500 equitem
901 3444 962 3483 esse
985 3435 1084 3484 netum
1113 3446 1168 3484 non
1197 3432 1236 3483 nd
1257 3431 1456 3500 equitandum,
1485 3432 1537 3484 sed
1558 3433 1597 3486 ad
1617 3449 1663 3488 ca-

372 3512 581 3567 lumniandum.
649 3530 700 3569 or.
730 3514 798 3581 Quid
828 3531 891 3569 vero
922 3514 944 3567 si
974 3514 1006 3569 ad
1036 3521 1278 3587 utrunqueuatus
1301 3514 1351 3574 sit,
1380 3523 1408 3569 et
1436 3515 1468 3569 ad
1491 3513 1666 3587 equitandum

373 3604 401 3651 et
429 3596 462 3651 ad
491 3596 687 3671 reprobandam
716 3615 822 3654 omnem
845 3598 1031 3654 celsitudinem
1062 3607 1089 3654 et
1119 3616 1212 3655 onmes
1235 3599 1399 3654 munitiones
1423 3607 1450 3655 et
1472 3599 1584 3655 consilia
1608 3619 1667 3674 quae

375 3680 546 3737 extolluntur
569 3682 698 3738 adversus
721 3683 861 3738 scientiam
885 3683 945 3738 dcii
969 3682 1020 3738 Sed
1043 3701 1092 3738 cur
1117 3691 1145 3739 tn
1169 3701 1278 3756 quoque
1302 3682 1447 3757 theologus
1470 3702 1530 3740 cmn
1554 3685 1607 3748 sis,
1631 3686 1668 3740 ri·

341 3766 468 3822 ascissim
491 3766 600 3822 retalias
624 3767 762 3829 iniuriam,
786 3767 902 3823 vicissim
931 3767 1007 3823 ledis
1036 3769 1116 3826 etiarn
1140 3768 1186 3842 qm
1211 3777 1236 3823 te
1259 3784 1313 3823 non
1337 3768 1483 3831 laeserunt,
1514 3779 1543 3825 nt
1566 3770 1668 3825 diceret

375 3850 489 3924 aliquis,
518 3859 610 3906 natum
637 3869 697 3907 esse
722 3860 747 3906 te
771 3869 825 3907 nou
848 3853 880 3907 ad
904 3853 1154 3926 errrugelisandnur.
1184 3854 1229 3908 sed
1253 3854 1285 3908 ad
1308 3854 1569 3929 floccipendendum,
1599 3856 1669 3911 deri·

375 3936 506 3995 (lendum.
531 3935 747 4009 exprobrandum
771 3945 798 3991 et
821 3936 1055 3993 calumniamlum?

442 4014 529 4096 [titt]
574 4037 623 4076 nn.
654 4023 746 4093 Atque
775 4024 888 4077 interim
916 4026 950 4077 de
973 4040 1015 4078 me
1039 4025 1195 4094 brumrisiee
1218 4025 1396 4095 laquedonen.
1463 4042 1513 4081 or.
1544 4025 1597 4081 lmo
1621 4025 1670 4081 lio-

377 4105 532 4160 ucstissimc
561 4113 588 4160 et
617 4106 816 4162 modestissime
840 4124 961 4180 semper,
992 4108 1030 4163 sic
1055 4116 1142 4163 tamen
1168 4117 1197 4163 ut
1225 4127 1332 4182 semper
1358 4110 1560 4185 desyderarerit
1587 4111 1613 4165 iu
1643 4119 1669 4168 te

344 4189 484 4262 remquius
502 4190 628 4245 imlicium
645 4199 671 4246 ct
695 4191 823 4247 maiorem
846 4193 1035 4248 constantiam.

441 4269 528 4349 [ern]
573 4290 622 4330 nn.
647 4275 749 4329 liccem
775 4277 866 4331 uerbis
887 4277 1089 4348 satisfecissent
1108 4277 1228 4331 Ilutteni
1241 4279 1395 4334 sternenda.
1462 4295 1512 4334 or.
1537 4279 1592 4341 Ab,
1616 4297 1669 4337 uon

375 4359 467 4413 decem
492 4358 595 4413 acerbis!

442 4437 528 4518 [aaa]
575 4460 624 4499 nri.
650 4444 724 4499 Solet
747 4446 874 4499 leostibus
896 4447 989 4499 missis
1009 4444 1163 4515 feritatibus
1185 4447 1361 4500 derrunciare
1377 4448 1488 4501 deltam.
1556 4463 1606 4503 on.
1630 4450 1670 4503 dn

378 4537 406 4582 tu
430 4527 556 4582 erunibus
580 4529 688 4584 leciales
711 4538 738 4584 et
760 4529 953 4584 caduceatores
976 4528 1087 4600 irrisisti,
1118 4547 1186 4601 equos
1217 4529 1242 4582 in
1266 4528 1342 4584 libris
1365 4538 1447 4603 atque
1469 4530 1594 4604 epistolis
1618 4532 1671 4586 tuis

342 4623 366 4663 aa
376 4612 467 4685 carpis
489 4621 515 4666 et
538 4613 630 4668 rides?

411 4756 416 4764 ,
443 4691 528 4772 [ssu]
573 4714 623 4753 un.
655 4699 822 4754 Serti-eninr
847 4700 897 4769 qui
917 4700 970 4753 lroc
992 4703 1104 4752 iserniae
1127 4699 1376 4765 commendantur,
1399 4717 1463 4754 cum
1486 4700 1559 4754 nibil
1579 4703 1672 4756 minas

376 4783 434 4836 sint
459 4777 547 4852 'qemun
574 4783 747 4849 deriderem,
773 4782 904 4855 factiosi,
933 4784 1053 4849 delecti,
1082 4783 1207 4852 stupidi,
1240 4784 1323 4837 maire
1351 4785 1428 4852 rritoe,
1458 4785 1671 4852 obtrectatores,

379 4897 580 4906 ——-—-.

445 4962 706 5014 tasaeerdotiisa.
747 4965 907 5030 inposui.
957 4963 977 4994 ¹³
991 4964 1141 5030 sepiernbat
1156 4967 1180 5012 1.
1228 4963 1248 4994 ¹⁸³
1261 4963 1362 5030 patrio]
1377 4967 1463 5015 i.o.re
1477 4982 1527 5016 arta
1540 4967 1673 5016 familiari

378 5048 399 5079 ¹⁷
418 5049 571 5098 autonomi.
625 5049 646 5079 fl
666 5050 911 5115 evangelizandum
933 5053 959 5098 3.
1017 5049 1263 5101 ³⁹1nodestimet.
1322 5051 1410 5102 desid.
1425 5055 1449 5101 2.
1461 5054 1486 5102 3.
1539 5050 1561 5084 ⁴³
1581 5053 1672 5104 istd.
