4367 6084
423 742 638 791 cccxxxtltl.
658 757 848 792 auvssrsmsm
863 756 915 790 ruo
929 757 1059 792 ovrrnuo
1072 757 1109 791 uo
1122 756 1225 791 nassau
1240 758 1381 792 srosarsn
1395 759 1560 810 nesronsio.
1598 729 1671 799 337

440 909 539 989 [eane]
585 932 634 971 eu.
660 914 733 969 Stant
755 930 860 970 rursus
883 916 998 985 qnidam
1021 918 1142 982 indocti,
1172 918 1278 971 nullius
1306 919 1416 983 iudicii,
1452 920 1515 971 rita
1537 922 1669 988 impurae,

373 1000 598 1065 obtrectatores,
624 1002 809 1070 pervicaces,
839 1002 1048 1067 intractabiles,
1077 1003 1119 1055 sic
1147 1002 1256 1056 addicti
1276 1001 1415 1068 liuthero,
1449 1010 1480 1055 ut
1502 1019 1554 1057 nec
1576 1005 1670 1057 sciant

372 1100 427 1139 uec
448 1091 564 1139 seruent
586 1086 663 1155 qarod
683 1086 764 1139 docet
787 1084 946 1141 liutherum
974 1093 1083 1140 tautum
1106 1087 1282 1156 ervaupetium
1305 1086 1409 1139 liabent
1432 1087 1459 1140 iu
1488 1102 1551 1149 ore,
1582 1088 1669 1159 nepti-

370 1175 443 1239 qunt
462 1185 567 1239 preces
588 1177 616 1223 rt
642 1185 744 1235 sacra,
775 1176 928 1224 nesciantur
956 1171 1138 1240 quibuslibet,
1168 1177 1195 1222 et
1223 1171 1397 1225 niucledicuut
1418 1170 1550 1226 Rosciana
1575 1173 1668 1240 ponti·

346 1255 429 1324 ⁵fici.
476 1270 526 1309 or.
549 1253 584 1309 De
607 1253 659 1308 hiis
682 1261 760 1308 antea
783 1254 1034 1326 pronunciavimos,
1058 1254 1130 1325 qumi
1154 1253 1187 1307 uh
1209 1253 1349 1325 srvaiigelio
1366 1270 1421 1307 uon
1437 1264 1542 1309 suntet
1558 1255 1668 1311 ‹lotuino

375 1355 431 1394 noa
454 1338 575 1412 placent;
598 1347 626 1393 et
650 1346 737 1393 ta‘meu
761 1345 791 1392 ut
814 1336 912 1393 instrati
937 1338 1069 1393 tolerandi
1093 1347 1157 1392 sunt
1180 1345 1207 1392 et
1230 1339 1372 1398 rirouendi,
1396 1339 1553 1394 utdiscant
1569 1357 1624 1394 nan
1640 1341 1667 1393 in
1697 1365 1701 1373 ·

374 1422 485 1479 nomine
508 1431 613 1477 tantum
635 1422 771 1477 corridere
793 1430 821 1477 et
843 1422 870 1476 iu
894 1423 982 1478 serlus
1007 1423 1146 1478 trieridacii.
1183 1431 1312 1479 craterum
1335 1422 1380 1477 ubi
1403 1422 1541 1495 ptrlshcum
1564 1424 1667 1479 crimen

374 1506 478 1562 utillum
502 1507 662 1568 adruittont,
697 1524 747 1561 suo
770 1506 880 1562 domino
903 1507 1016 1562 sinimus
1039 1508 1135 1563 eadere
1157 1516 1205 1562 aut
1227 1516 1313 1563 stare:
1348 1507 1472 1563 serehant
1499 1517 1527 1563 et
1549 1508 1668 1581 apostoli

374 1592 525 1647 insolentes
547 1599 575 1646 et
598 1591 772 1664 imperfectos
795 1591 909 1664 aliquot,
943 1592 1109 1665 Quanquam
1133 1601 1252 1665 quaeest
1268 1600 1356 1647 minen
1372 1591 1537 1665 luecculpa‚
1561 1593 1666 1649 etiamsi

338 1684 519 1731 iuvenentur
541 1674 722 1749 quihusiihet.
753 1669 881 1730 omittant
903 1694 998 1750 preces
1022 1677 1183 1750 papisticas‚
1213 1676 1374 1733 maledicant
1396 1676 1544 1731 behemoth
1569 1686 1596 1733 et
1619 1679 1668 1732 Le-

375 1761 496 1822 viathan.
521 1760 601 1816 rriodo
623 1758 691 1815 nihil
714 1760 856 1815 athmttaut
880 1762 952 1832 quod
976 1761 1088 1816 otieudit
1110 1761 1289 1817 Christianam
1311 1760 1488 1816 charitatem?

439 1839 538 1920 [etth]
584 1861 633 1900 en.
657 1846 770 1901 Horum
793 1847 952 1900 inconditos
974 1848 1112 1900 ttruiultus
1139 1855 1167 1900 rt
1194 1848 1356 1900 inconsultu
1378 1848 1497 1900 consiliu
1518 1849 1667 1918 principes

371 1937 400 1984 et
421 1932 608 2001 uiapistratus
629 1937 768 2001 caperetur
790 1931 962 1999 opprimere.
1029 1946 1079 1986 or.
1104 1928 1187 1986 italos
1204 1930 1297 2003 utiquo
1313 1928 1508 1992 cohercehuut,
1532 1931 1666 2005 quianon

372 2014 474 2069 trustra
498 2013 617 2087 gladium
640 2022 752 2087 pomam
774 2021 801 2068 et
823 2014 866 2069 dei
890 2014 1007 2069 ririnistri
1031 2023 1108 2074 sum,
1133 2014 1238 2093 ultores
1260 2015 1382 2086 aul-iram
1405 2032 1500 2070 eorum
1523 2017 1569 2088 qui
1594 2015 1666 2089 qood

280 2134 282 2138 -
338 2109 362 2145 15
373 2097 472 2153 rnatum
495 2106 537 2153 est
560 2099 681 2154 iecerint.
720 2097 805 2153 refert
828 2097 996 2154 taurensem
1020 2099 1200 2171 evaiagelicam
1222 2099 1305 2154 arnus
1328 2108 1355 2154 et
1378 2098 1539 2155 tumultibus
1556 2101 1666 2155 turbare

370 2191 399 2238 et
421 2182 506 2238 liherc
529 2183 677 2257 praedicare
700 2181 883 2254 evangelium,
909 2175 1124 2256 tractitiooesque
1146 2202 1223 2257 papae
1246 2201 1276 2238 cx
1299 2184 1350 2238 deo
1380 2201 1433 2239 nim
1462 2202 1536 2246 csse,
1568 2194 1595 2240 et
1614 2184 1664 2240 alia

371 2268 493 2340 quaedam
522 2267 692 2323 huiusmodi:
727 2284 787 2321 uam
817 2267 868 2323 hoe
896 2268 975 2323 niodo
1003 2276 1031 2323 et
1059 2267 1177 2342 apostoli
1207 2268 1359 2324 excitabant
1392 2267 1538 2324 tuirroitus:
1573 2270 1665 2331 ..Nacti

370 2369 464 2407 sumtis
487 2352 531 2423 (de
554 2351 636 2407 Paulo
659 2352 748 2423 iuquit
772 2351 920 2421 Tertullus)
943 2352 1029 2408 sirum
1053 2354 1124 2407 irone
1148 2353 1309 2426 pestiferum
1331 2345 1359 2407 ct
1381 2354 1564 2409 concitantem
1595 2355 1665 2410 sedi·

370 2436 472 2492 tionem
495 2436 621 2492 omnihus
644 2435 738 2491 {uitreis
761 2436 787 2490 iu
811 2436 937 2491 universo
961 2437 1026 2493 orhe
1049 2444 1076 2492 et
1098 2445 1222 2494 auderem
1239 2438 1364 2492 iectionis
1375 2437 1594 2499 herenensium,
1619 2440 1664 2512 qui

333 2521 451 2576 mesiam
475 2520 605 2594 templum
627 2520 800 2593 prophanare
814 2529 928 2577 conatus
944 2530 1001 2581 cst:
1025 2540 1104 2595 quom
1121 2532 1147 2577 ct
1163 2523 1362 2595 apprehensum
1379 2522 1502 2578 voiirmus
1517 2524 1665 2579 secundum
1709 2557 1711 2560 <

370 2604 459 2676 legem
481 2611 603 2661 nostruin
626 2605 772 2661 iudiearc.''
914 2604 919 2615 ’
1585 2620 1588 2627 ’

434 2684 534 2766 [sees]
578 2707 628 2746 eu.
652 2690 756 2760 ltaque
774 2693 825 2760 fiet
847 2690 948 2744 borum
974 2693 1057 2756 ericio,
1083 2700 1113 2745 ut
1135 2707 1188 2747 rice
1209 2694 1259 2747 illu
1282 2694 1482 2763 corriperetur,
1506 2695 1666 2765 dequibus

369 2776 494 2829 mundus
515 2777 615 2830 merito
643 2776 784 2844 queritur.
856 2790 905 2829 or.
930 2775 956 2829 Si
986 2793 1040 2830 non
1070 2777 1259 2847 corrigentur,
1294 2793 1349 2831 nou
1378 2777 1537 2833 ‹lornritahit
1566 2787 1663 2839 taurea,

369 2875 457 2930 noque
484 2859 602 2915 dormiet
629 2860 674 2932 qui
703 2859 823 2915 custodit
852 2859 947 2921 lsrael,
981 2877 1036 2917 nou
1066 2861 1126 2915 ideo
1153 2878 1208 2916 aron
1236 2870 1279 2917 cst
1305 2861 1443 2917 liberrimo
1472 2861 1664 2935 divulgandum

331 2941 489 2998 aaverbum.
534 2942 652 2999 visitabit
675 2944 734 3015 ipse
756 2952 811 2999 met
833 2961 916 3016 super
938 2944 1070 3000 maliciam
1093 2953 1234 3018 pastorum
1256 2954 1284 3001 et
1306 2947 1429 3019 requiret
1450 2964 1562 3019 gregem
1585 2965 1664 3004 suum

367 3028 401 3082 de
424 3028 548 3085 manibus
571 3045 664 3089 eorum
689 3038 716 3082 et
738 3046 845 3083 cessare
869 3028 962 3088 iaiciet,
988 3047 1019 3083 ne
1042 3039 1154 3102 pascam
1177 3032 1340 3104 semetipsos
1362 3030 1486 3104 simplius.

433 3107 531 3188 [em]
577 3129 626 3169 nn.
650 3113 699 3167 Ec
715 3113 882 3168 Lutbcruua
896 3121 982 3183 pariete
997 3115 1068 3184 quid
1081 3122 1124 3168 cst
1138 3117 1215 3183 qarod
1228 3130 1350 3184 sperare
1366 3125 1488 3185 quaeum?
1525 3133 1576 3173 or.
1592 3117 1662 3173 Nihil

368 3197 421 3251 nisi
442 3197 650 3256 contumeliam.
681 3198 831 3257 infamiam.
863 3197 1038 3257 tenuitatem,
1068 3196 1192 3257 exilium,
1223 3215 1373 3258 carcerem,
1404 3199 1529 3262 labores,
1558 3200 1661 3273 plagas.

368 3281 545 3344 seditionem,
569 3282 759 3340 afflictionem.
784 3282 989 3341 necessitatem.
1014 3281 1202 3353 iginiruiuiam.
1227 3290 1357 3341 mortem:
1381 3299 1435 3338 uoti
1459 3302 1520 3356 quae
1536 3285 1587 3358 ipsi
1603 3287 1662 3357 qui·

332 3375 359 3413 3⁰
369 3366 429 3420 dem
453 3366 609 3426 interimus,
633 3367 679 3421 sed
703 3384 763 3439 quas
788 3374 813 3420 te
837 3366 996 3426 iriauchunt.
1021 3366 1043 3420 si
1066 3366 1198 3421 ‹itrieccris
1221 3385 1253 3421 ex
1277 3367 1407 3440 papistica
1432 3368 1549 3424 factione
1569 3368 1602 3424 ad
1617 3370 1663 3424 tle·

368 3458 491 3523 spectum
514 3458 542 3505 et
564 3450 693 3524 pusillum
717 3450 792 3505 illum
823 3467 948 3523 greqctu:
980 3451 1036 3506 lirare
1059 3458 1101 3504 est
1123 3450 1194 3505 enim
1218 3451 1361 3505 iuureditas
1385 3468 1526 3508 semorum
1549 3453 1661 3513 domiui.

367 3543 395 3589 et
419 3535 523 3590 iusticia
547 3553 641 3590 eorum
665 3535 735 3608 apatd
759 3553 815 3595 rire,
839 3535 904 3591 dicit
927 3535 1060 3590 dotimtus.

432 3614 531 3694 [stat]
576 3637 627 3676 nn.
651 3621 689 3674 Et
702 3626 809 3690 'posteo
833 3622 942 3692 rctcpat
965 3636 1008 3675 mc
1030 3622 1059 3674 iu
1083 3621 1359 3691 Guttopermouium‚
1383 3639 1448 3685 cirin
1469 3625 1530 3691 ipsc
1544 3623 1574 3676 in
1591 3623 1661 3677 Ger-

366 3705 464 3758 mania
487 3705 596 3759 nullum
618 3705 723 3760 habeat
745 3706 837 3759 locum
859 3707 931 3760 sutis
959 3712 1049 3760 tutum
1080 3706 1215 3775 ruatitque
1244 3706 1349 3777 hospes
1375 3721 1437 3761 esse
1465 3696 1661 3763 Heluetiorum

332 3798 358 3835 ³³
366 3789 565 3844 clancularius
587 3805 673 3860 quam
697 3790 859 3845 Gcrnionus
881 3793 961 3861 apud
983 3791 1142 3845 Germanos
1170 3792 1198 3844 iu
1227 3793 1290 3847 tuce
1318 3807 1413 3863 opere.
1441 3862 1444 3871 ,
1491 3808 1541 3847 or.
1564 3790 1661 3847 Eadem

365 3872 531 3935 decorasse,
566 3890 650 3946 quare
678 3883 706 3929 tu
737 3874 819 3928 mavis
849 3873 949 3948 hospes
977 3893 1036 3932 csse
1059 3874 1243 3931 Helvetiorum
1274 3894 1354 3949 qoam
1383 3877 1453 3949 apud
1481 3877 1661 3933 Levanienses

366 3957 504 4030 sophistas
527 3958 553 4012 in
576 3958 664 4031 patria
688 3959 784 4012 rivere.
828 3958 881 4014 Sed
904 3959 1043 4020 inuidiam.
1068 3960 1171 4033 inquis,
1194 3960 1310 4017 declino.
1355 3960 1418 4016 Sine
1442 3961 1526 4035 igitur
1541 3971 1569 4017 et
1585 3961 1661 4017 illum

366 4040 463 4097 salutis
486 4059 542 4097 suae
565 4043 698 4098 rationem
720 4041 836 4106 hahere;
859 4061 920 4099 narn
945 4045 970 4099 io
994 4044 1145 4117 periculum
1168 4046 1305 4103 coniicere
1328 4064 1357 4101 se
1387 4046 1460 4120 quod
1487 4042 1578 4120 possis
1602 4066 1661 4104 era·

365 4116 430 4181 dere
453 4134 481 4182 et
503 4126 576 4183 nulla
599 4128 748 4184 necessitas
771 4127 874 4199 poscit,
900 4146 953 4183 riou
977 4131 1063 4185 virtus
1086 4138 1129 4185 est
1151 4131 1304 4186 sedandas
1328 4132 1476 4187 tementes.
1533 4178 1536 4186 .

333 4220 359 4258 ¹⁰
434 4205 533 4287 [etth]
578 4228 628 4268 nn.
652 4212 720 4282 lpse
742 4228 805 4267 cum
829 4222 901 4268 essct
924 4215 1075 4269 Brusettce
1098 4232 1154 4269 nori
1177 4232 1267 4270 uersus
1289 4225 1331 4271 cst
1353 4217 1410 4270 illic
1432 4232 1563 4284 ieiunare,
1587 4221 1663 4288 quod

367 4297 484 4362 alacer,
509 4303 538 4350 ut
560 4299 621 4366 ipse
645 4296 801 4363 narrabat,
824 4299 998 4353 occurrisset
1020 4299 1232 4367 Hochstratus,
1256 4303 1307 4370 quei
1327 4307 1385 4354 tum
1409 4317 1461 4356 uec
1482 4304 1660 4370 priorarat,

365 4394 418 4435 nec
439 4381 604 4450 inquisitor,
629 4372 768 4453 occultis
790 4382 874 4436 bullis
896 4384 1070 4438 instructus:
1099 4384 1145 4437 itte
1173 4386 1214 4438 sic
1236 4385 1376 4439 ructuabat
1398 4371 1582 4440 commatum
1605 4389 1661 4442 tro-

365 4479 444 4530 ncm,
468 4473 499 4519 ut
520 4479 551 4518 sc
573 4466 753 4521 subduceret.
821 4482 871 4521 o'r.
895 4464 943 4521 llic
964 4475 1011 4521 aut
1040 4466 1125 4521 iuisus
1155 4485 1184 4537 es
1214 4468 1239 4521 iu
1269 4468 1378 4523 trontius
1407 4467 1580 4539 ilogostrati‚
1615 4480 1662 4525 emt

365 4548 445 4620 strigis
469 4549 541 4622 quod
563 4548 712 4613 cavillaris;
736 4568 796 4606 uam
812 4550 894 4621 lorrge
909 4549 989 4605 aliter
1004 4551 1116 4605 accidit:
1140 4551 1236 4605 :recidit
1252 4569 1315 4606 vero
1332 4551 1382 4606 sic:
1406 4553 1471 4606 Cum
1493 4551 1572 4608 lielua
1588 4571 1662 4625 quae·
1687 4548 1693 4555 ⁸

329 4632 425 4687 sitam
450 4633 553 4688 ordinis
576 4633 722 4695 Minorem.
754 4653 834 4690 missa
857 4653 872 4688 a
895 4643 1011 4708 tyranno
1035 4635 1155 4689 {lemano
1178 4643 1206 4690 ct
1234 4635 1405 4690 suffarcinato
1433 4635 1515 4690 hallis
1545 4637 1662 4692 venisset

365 4716 530 4779 hstrxellam.
566 4727 595 4773 ut
619 4719 766 4774 liutteoum
789 4727 835 4775 aut
859 4719 976 4774 vinctum
1004 4719 1167 4792 peutuceret
1190 4719 1313 4779 Romam,
1349 4727 1395 4774 aut
1427 4720 1568 4792 postulato
1602 4722 1661 4776 iure

363 4802 514 4858 coniiceret
535 4801 563 4857 in
586 4820 737 4865 carcerem,
762 4812 875 4874 rogatos
899 4812 941 4859 est
964 4803 997 4858 ah
1018 4802 1112 4858 amicis
1127 4802 1276 4864 Uotienus,
1301 4812 1331 4858 nt
1347 4804 1481 4860 modicum
1498 4805 1660 4861 subduceret

431 4983 692 5035 ’Luthdoeehs
728 4984 1009 5049 inspumate.
1047 4984 1212 5034 ¹³coere3.
1248 4984 1471 5051 ²⁰profanare3.
1508 4985 1526 5018 ²¹
1547 4987 1659 5052 lgeaut.

362 5062 496 5116 ”vind
545 5065 720 5119 ²⁵molie..l.
774 5067 794 5100 ³¹
816 5069 950 5118 heredi.
1004 5069 1027 5101 ³²
1046 5070 1133 5119 instit.
1150 5071 1175 5120 3.
1229 5069 1393 5121 ⁴³H0chstr.
1409 5075 1435 5122 3.
1480 5071 1613 5123 “bellun
1634 5079 1659 5128 3.

426 5168 558 5220 Hvrrsst
577 5170 646 5220 Ore.
674 5187 737 5223 vor..
758 5172 794 5221 11.
1201 5200 1203 5204 <
1396 5158 1437 5219 ‘22
1502 5236 1507 5262 ί
