4367 6084
347 732 463 802 ‚CCCV.
472 749 614 783 scansam
625 750 661 782 no
672 748 783 783 zmscc.
792 748 834 782 ire.
854 730 971 781 cccvl.
980 744 1167 779 meschuman
1178 744 1293 777 usuros.
1305 744 1348 777 cr.
1361 739 1427 779 mit.
1436 744 1492 779 ise.
1504 737 1560 778 atos.
1587 713 1654 783 157

382 1020 514 1052 nasicam.
661 999 663 1002 ¹
803 957 807 963 Ι
937 980 1083 1058 OCOV.
1458 1010 1493 1053 ²⁰.
1508 1017 1564 1050 rau.
1580 1010 1638 1050 15²3.
1680 1001 1682 1003 ’

1454 1072 1658 1080 ——-—-

732 1157 884 1212 annucio
907 1157 969 1212 SVO
992 1155 1188 1212 GLAREANVS
1211 1154 1237 1209 S.
1260 1155 1287 1209 u.

449 1294 543 1349 Risisti
568 1311 628 1367 quae
651 1293 684 1347 de
707 1292 821 1347 lloreste
845 1293 898 1346 isto
922 1292 1098 1365 scripseram.
1122 1300 1149 1346 et
1173 1290 1279 1345 merito.
1302 1293 1402 1344 ...¹.
1420 1333 1543 1346 ......
1581 1292 1658 1348 Eras-

363 1396 424 1433 inus
453 1379 517 1450 quid
546 1378 701 1451 scripserit.
733 1378 759 1430 in
788 1394 867 1432 manu
897 1378 1016 1431 omnium
1047 1384 1097 1431 est.
1143 1392 1224 1429 senex
1247 1384 1301 1434 est.
1324 1376 1464 1447 quiescere
1486 1375 1581 1439 vellet;
1611 1378 1657 1432 sed

306 1480 336 1518 5
364 1472 480 1535 utraque
510 1481 572 1535 pars
601 1480 662 1516 eum
690 1462 799 1517 trahere
828 1470 972 1516 eonaturt-
992 1459 1036 1515 ille
1060 1459 1185 1515 humanis
1207 1458 1374 1514 sectionibus
1397 1460 1492 1514 adesse
1514 1477 1567 1515 rien
1591 1461 1662 1524 vult,'

363 1557 390 1602 et
414 1548 475 1620 quis
498 1565 559 1602 eum
583 1546 689 1601 trahat?
726 1563 805 1619 quem
829 1544 929 1617 lugiet,
953 1546 1038 1606 videt,
1062 1561 1142 1617 quern
1166 1553 1310 1616 sequatur,
1334 1561 1388 1598 non
1412 1544 1489 1599 item:
1521 1545 1658 1602 Christum

363 1648 458 1687 omnes
480 1632 540 1686 eius
561 1630 624 1686 libri
647 1621 759 1692 sorrant;
794 1647 824 1684 ae
846 1631 932 1701 magis
956 1630 1010 1684 veri
1037 1629 1124 1684 simile
1154 1629 1300 1683 lutherum
1329 1629 1425 1683 studiis
1455 1628 1555 1683 Erasini
1584 1631 1658 1685 adiu·

363 1724 435 1776 tum,
460 1733 539 1789 quam
563 1714 806 1770 Erasmumillius.
853 1715 973 1769 'liinidus
995 1721 1051 1774 est.
1076 1713 1138 1786 quia
1161 1720 1317 1768 cunctator:
1353 1729 1490 1786 nunquam
1514 1715 1658 1787 quiequam

363 1818 395 1854 ex
425 1799 497 1854 illius
526 1817 573 1854 ore
602 1800 682 1854 audio
716 1799 788 1872 quod
817 1815 872 1854 non
900 1798 1038 1854 Christum
1068 1806 1156 1852 sonet.
1201 1797 1346 1870 opiniones
1374 1798 1504 1853 humanas
1531 1799 1658 1871 quasdam

301 1884 460 1945 nohabet;
498 1884 606 1939 l'rancis
628 1884 690 1957 plus
713 1885 802 1938 lavere
825 1883 931 1937 videtur
958 1899 1038 1954 quam
1062 1882 1215 1943 Germanis,
1247 1898 1400 1954 quanquam
1429 1898 1523 1937 omnes
1553 1884 1658 1938 adiuvat

362 1987 394 2023 ex
417 1986 506 2041 aequo.
550 1968 695 2042 displicent
717 1967 742 2022 ei
764 1967 972 2022 concionatores
996 1966 1104 2039 qnidam
1127 1966 1173 2038 qui
1196 1974 1223 2021 et
1247 1965 1294 2020 tibi
1323 1966 1428 2040 placere
1456 1982 1510 2022 non
1533 1975 1659 2040 possunt,

363 2054 410 2126 qui
433 2071 494 2107 eum
518 2053 618 2107 indocti
642 2053 696 2107 sint
719 2052 885 2124 Lutherique
907 2068 1015 2106 causam
1038 2051 1164 2106 adiuvare
1186 2049 1296 2111 volout.
1325 2068 1380 2105 non
1404 2052 1484 2106 modo
1507 2067 1562 2106 non
1584 2053 1659 2107 adiu·

364 2147 441 2198 rant.
477 2137 523 2192 sed
552 2138 633 2192 etiam
661 2136 802 2208 evangelio
831 2144 938 2190 nocent.
983 2135 1154 2190 Lutheranns
1182 2152 1242 2189 esse
1270 2152 1324 2189 non
1356 2134 1413 2190 uult
1441 2134 1580 2197 Erasmus,
1612 2137 1658 2191 sed

364 2239 452 2294 neque
482 2221 719 2283 hntilutheranus,
754 2220 806 2275 nisi
833 2221 900 2276 adeo
930 2218 1085 2292 flagelletur
1115 2219 1148 2273 ab
1178 2218 1210 2274 iis
1237 2228 1267 2274 ut
1296 2220 1367 2274 serre
1394 2218 1509 2293 amplius
1533 2230 1658 2294 nequeat.

316 2307 547 2368 ssllirumvero
569 2324 618 2361 eur
634 2306 758 2360 Germani
781 2305 848 2360 adeo
864 2304 974 2359 Erasmo
998 2303 1097 2358 infensi
1120 2304 1188 2365 sint,
1213 2320 1282 2377 quos
1305 2305 1372 2359 adeo
1395 2304 1483 2358 literis
1504 2303 1658 2366 illustrarit.

312 2390 319 2395 ’
363 2409 423 2445 enm
454 2400 542 2446 tannen
572 2388 724 2463 pulchellus
754 2389 799 2443 ille
828 2387 960 2443 nicander
991 2405 1040 2462 per
1066 2396 1152 2442 totam
1175 2388 1343 2443 Germaniam
1369 2396 1416 2444 aut
1438 2397 1512 2443 certe
1535 2407 1659 2462 magnam

364 2475 519 2547 portionem
546 2492 633 2548 prope
663 2483 691 2529 ut
720 2473 853 2529 insultans
881 2474 968 2528 victor
996 2472 1086 2534 iverit,
1122 2491 1136 2527 a
1166 2473 1272 2528 nemine
1300 2471 1395 2534 laesus,
1429 2473 1529 2528 multos
1556 2475 1659 2529 interea

365 2559 479 2613 hederis:
514 2559 579 2613 lumi
607 2567 670 2614 sunt
701 2559 786 2613 ruinae
813 2558 870 2612 has:
906 2558 932 2611 in
956 2557 1127 2612 innocentem
1151 2556 1289 2612 Erasuiurn
1318 2558 1432 2613 saeviunt
1460 2566 1486 2612 et
1515 2566 1659 2632 propterea

366 2661 435 2698 rrunc
446 2645 490 2698 'de
512 2661 545 2699 eo
569 2641 637 2698 tales
660 2660 783 2698 runmres
805 2650 947 2716 spargunt.
965 2684 973 2706 .
989 2684 1278 2696 .............
1315 2643 1373 2696 llas.
1391 2660 1421 2697 ex
1437 2643 1540 2697 artibus
1557 2644 1660 2699 nostris

326 2727 690 2788 sollicitationum.
716 2771 721 2781 .
740 2770 745 2781 .
769 2726 841 2781 Vale.

926 2860 1094 2870 ——--——.—-

501 2909 603 2958 CCCV.
635 2909 757 2974 Ziringlii
775 2907 845 2975 Opp.
866 2890 964 2970 (liidie.
979 2908 1107 2974 bibliogr.
1122 2925 1147 2958 n.
1161 2909 1215 2972 81.)
1236 2926 1260 2974 p.
1274 2909 1332 2960 ²63.
1347 2926 1405 2975 sqq.
1428 2911 1465 2960 n⁰.
1480 2927 1524 2961 111.

817 3152 1192 3171 *-

384 3331 542 3398 [nasicam]
645 3381 655 3398 .
929 3314 1096 3391 COOVI.
1343 3364 1346 3368 ⁴
1461 3343 1495 3385 ri.
1511 3350 1568 3384 iss.
1585 3345 1642 3385 isra.

801 3490 941 3548 {oannes
964 3489 1224 3545 OECOthll‘dllll'S

598 3588 774 3663 *HEDIONI
792 3587 1067 3637 CONCIONATORI
1085 3585 1362 3636 thGVN'l'lNENSI
1386 3584 1413 3633 S.

337 3734 360 3773 25
452 3710 614 3766 Charissirne
642 3711 739 3771 irater,
770 3711 826 3764 Scit
853 3711 1000 3766 Cratander
1029 3710 1101 3783 quod
1130 3728 1210 3783 saepe
1239 3710 1271 3764 ad
1302 3718 1327 3764 te
1356 3709 1461 3772 scribo,
1492 3711 1599 3785 saepius
1623 3713 1661 3767 tui

368 3796 524 3851 memoriam
548 3795 675 3856 habeam.
700 3795 754 3849 imo
777 3804 936 3869 perpetuam
953 3837 1077 3849 ......
1116 3794 1185 3849 Sunt
1207 3796 1249 3849 hrc
1271 3812 1303 3849 es
1326 3795 1514 3850 sacerdotibus
1536 3805 1564 3850 et
1587 3797 1663 3853 theo·

368 3879 437 3952 logis
465 3882 512 3953 qui
540 3880 572 3934 de
602 3898 643 3934 uie
672 3880 790 3952 pessime
819 3880 893 3953 loq'ui
922 3881 1046 3953 cupiant,
1082 3897 1131 3933 nec
1159 3880 1295 3935 desistunt
1323 3879 1367 3934 ubi
1391 3878 1459 3934 elain
1488 3882 1662 3942 conveniunt.
1698 3923 1700 3934 .

368 3974 472 4021 tautum
496 3965 639 4020 rnaehinati
662 3974 692 4018 ut
716 3963 834 4019 llutteno
857 3981 910 4019 non
934 3965 1016 4019 suerit
1038 3964 1141 4019 diutius
1165 3974 1252 4019 tutum
1276 3965 1319 4018 hie
1341 3983 1436 4036 agere,
1470 3967 1541 4021 unde
1564 3976 1592 4021 et
1614 3984 1663 4021 nu·
1716 3985 1719 3992 ·

367 4050 528 4107 diustertius
556 4049 619 4104 hine
646 4049 786 4110 discessit,
816 4065 947 4123 quorsum
975 4057 1066 4104 autem
1088 4050 1181 4104 neseio
1198 4091 1394 4104 .........
1427 4050 1498 4106 Vale.
1535 4052 1596 4124 ipso
1620 4052 1668 4107 die·

337 4134 490 4208 tehgnetis.
524 4140 599 4195 1523.

296 4309 303 4331 '
367 4318 485 4368 cccvi.
516 4319 578 4366 DD.
598 4318 711 4366 loannis
729 4315 941 4380 Oecolampndii
960 4322 989 4364 et
1006 4316 1154 4365 Huldriehi
1172 4315 1294 4381 Zvinglii
1314 4316 1494 4381 epistolarum
1513 4317 1577 4365 libri
1597 4333 1663 4381 qua·

392 4410 463 4464 tuqr.
477 4401 525 4451 dcc.
546 4401 632 4450 Busil.
649 4399 721 4450 1536.
743 4400 790 4449 fol.
811 4402 830 4453 l,
844 4397 902 4448 209.
935 4398 977 4448 Cl.
997 4400 1071 4448 infra
1089 4401 1232 4464 Excerpta
1251 4416 1283 4448 ex
1297 4400 1360 4448 abr.
1375 4400 1495 4449 Sculteti
1507 4401 1637 4450 Annalib.

889 4498 987 4547 evang.
1008 4484 1144 4532 renovati,

436 4622 446 4654 ³
465 4623 531 4672 Hor.
547 4620 576 4686 i.]
591 4623 630 4672 lo.
644 4623 931 4685 Rom.Wonneclcer0‚
946 4623 980 4672 de
994 4638 1047 4686 quo
1060 4622 1096 4671 es.
1110 4621 1211 4670 Athen.
1231 4621 1342 4669 Rauric.
1360 4620 1433 4668 1778.
1452 4617 1489 4666 8⁰.
1508 4635 1534 4683 p.
1552 4617 1607 4668 168.
1621 4635 1661 4683 sq.

435 4707 458 4740 η
476 4709 590 4772 cupiant
608 4709 742 4758 Sallaecus.
795 4707 817 4740 ²⁹
835 4709 979 4758 discescit.
1000 4711 1023 4757 1.

822 4940 1222 4959 *-
