<?xml version="1.0" encoding="UTF-8"?>
<!DOCTYPE html PUBLIC "-//W3C//DTD XHTML 1.0 Transitional//EN"
    "http://www.w3.org/TR/xhtml1/DTD/xhtml1-transitional.dtd">
<html xmlns="http://www.w3.org/1999/xhtml" xml:lang="en" lang="en">
 <head>
  <title>
</title>
<meta http-equiv="Content-Type" content="text/html;charset=utf-8" />
  <meta name='ocr-system' content='tesseract 3.04.00' />
  <meta name='ocr-capabilities' content='ocr_page ocr_carea ocr_par ocr_line ocrx_word'/>
</head>
<body>
  <div class='ocr_page' id='page_1' title='image "./ulrichihuttenie02huttgoog_0357.png"; bbox 0 0 4367 6084; ppageno 0'>
   <div class='ocr_carea' id='block_1_1' title="bbox 517 724 1768 797">
    <p class='ocr_par' dir='ltr' id='par_1_1' title="bbox 517 724 1768 797">
     <span class='ocr_line' id='line_1_1' title="bbox 517 724 1768 797; baseline 0 -8"><span class='ocrx_word' id='word_1_1' title='bbox 517 724 590 797; x_wconf 76' lang='grc'><strong>336</strong></span> <span class='ocrx_word' id='word_1_2' title='bbox 628 741 841 791; x_wconf 77' lang='lat' dir='ltr'><strong>cccxxxiiii.</strong></span> <span class='ocrx_word' id='word_1_3' title='bbox 861 756 1048 790; x_wconf 61' lang='lat' dir='ltr'><strong>nuenarianam</strong></span> <span class='ocrx_word' id='word_1_4' title='bbox 1065 757 1118 790; x_wconf 81' lang='lat' dir='ltr'><strong>vno</strong></span> <span class='ocrx_word' id='word_1_5' title='bbox 1132 756 1262 791; x_wconf 50' lang='lat' dir='ltr'><strong>nivrrano</strong></span> <span class='ocrx_word' id='word_1_6' title='bbox 1275 757 1311 790; x_wconf 78' lang='grc' dir='ltr'>ιι)</span> <span class='ocrx_word' id='word_1_7' title='bbox 1325 756 1428 790; x_wconf 75' lang='lat' dir='ltr'><strong>suasim</strong></span> <span class='ocrx_word' id='word_1_8' title='bbox 1443 756 1584 791; x_wconf 68' lang='lat' dir='ltr'><strong>orosam!</strong></span> <span class='ocrx_word' id='word_1_9' title='bbox 1598 756 1768 791; x_wconf 74' lang='lat' dir='ltr'><strong>assensero.</strong></span> 
     </span>
    </p>
   </div>
   <div class='ocr_carea' id='block_1_2' title="bbox 458 910 1839 4801">
    <p class='ocr_par' dir='ltr' id='par_1_2' title="bbox 515 910 1831 1497">
     <span class='ocr_line' id='line_1_2' title="bbox 581 910 1814 991; baseline -0.006 -16"><span class='ocrx_word' id='word_1_10' title='bbox 581 910 678 991; x_wconf 62' lang='lat' dir='ltr'><strong>[nato]</strong></span> <span class='ocrx_word' id='word_1_11' title='bbox 724 932 773 971; x_wconf 77' lang='lat' dir='ltr'><strong>sn.</strong></span> <span class='ocrx_word' id='word_1_12' title='bbox 805 916 868 970; x_wconf 87' lang='lat' dir='ltr'><strong>Nisi</strong></span> <span class='ocrx_word' id='word_1_13' title='bbox 890 917 1026 985; x_wconf 77' lang='lat' dir='ltr'><strong>protinus</strong></span> <span class='ocrx_word' id='word_1_14' title='bbox 1054 916 1200 986; x_wconf 74' lang='lat' dir='ltr'><strong>iugulator</strong></span> <span class='ocrx_word' id='word_1_15' title='bbox 1227 917 1339 980; x_wconf 71' lang='lat' dir='ltr'><strong>existit,</strong></span> <span class='ocrx_word' id='word_1_16' title='bbox 1376 917 1406 969; x_wconf 83' lang='lat' dir='ltr'><strong>in</strong></span> <span class='ocrx_word' id='word_1_17' title='bbox 1439 931 1512 986; x_wconf 83' lang='lat' dir='ltr'><strong>qnos</strong></span> <span class='ocrx_word' id='word_1_18' title='bbox 1545 917 1614 970; x_wconf 85' lang='lat' dir='ltr'><strong>ioeit</strong></span> <span class='ocrx_word' id='word_1_19' title='bbox 1642 916 1814 969; x_wconf 76' lang='lat' dir='ltr'><strong>convicium.</strong></span> 
     </span>
     <span class='ocr_line' id='line_1_3' title="bbox 517 997 1814 1073; baseline -0.002 -17"><span class='ocrx_word' id='word_1_20' title='bbox 517 1017 567 1056; x_wconf 81' lang='lat' dir='ltr'><strong>or.</strong></span> <span class='ocrx_word' id='word_1_21' title='bbox 592 999 623 1055; x_wconf 84' lang='lat' dir='ltr'><strong>Et</strong></span> <span class='ocrx_word' id='word_1_22' title='bbox 646 1000 694 1072; x_wconf 92' lang='lat' dir='ltr'><strong>qui</strong></span> <span class='ocrx_word' id='word_1_23' title='bbox 716 1007 825 1073; x_wconf 88' lang='lat' dir='ltr'><strong>poterat</strong></span> <span class='ocrx_word' id='word_1_24' title='bbox 848 999 944 1055; x_wconf 86' lang='lat' dir='ltr'><strong>melius</strong></span> <span class='ocrx_word' id='word_1_25' title='bbox 967 1016 1124 1073; x_wconf 83' lang='lat' dir='ltr'><strong>expugnare</strong></span> <span class='ocrx_word' id='word_1_26' title='bbox 1145 1008 1173 1055; x_wconf 90' lang='lat' dir='ltr'><strong>et</strong></span> <span class='ocrx_word' id='word_1_27' title='bbox 1201 997 1298 1055; x_wconf 80' lang='lat' dir='ltr'><strong>laedere</strong></span> <span class='ocrx_word' id='word_1_28' title='bbox 1326 1015 1407 1073; x_wconf 87' lang='lat' dir='ltr'><strong>quam</strong></span> <span class='ocrx_word' id='word_1_29' title='bbox 1435 999 1564 1071; x_wconf 82' lang='lat' dir='ltr'><strong>detegere</strong></span> <span class='ocrx_word' id='word_1_30' title='bbox 1593 998 1712 1059; x_wconf 76' lang='lat' dir='ltr'><strong>illorum,</strong></span> <span class='ocrx_word' id='word_1_31' title='bbox 1734 1016 1814 1073; x_wconf 81' lang='lat' dir='ltr'><strong>syco-</strong></span> 
     </span>
     <span class='ocr_line' id='line_1_4' title="bbox 517 1083 1812 1159; baseline -0.002 -20"><span class='ocrx_word' id='word_1_32' title='bbox 517 1085 653 1159; x_wconf 88' lang='lat' dir='ltr'><strong>phantias,</strong></span> <span class='ocrx_word' id='word_1_33' title='bbox 677 1084 820 1143; x_wconf 80' lang='lat' dir='ltr'><strong>maleficia,</strong></span> <span class='ocrx_word' id='word_1_34' title='bbox 845 1085 965 1145; x_wconf 75' lang='lat' dir='ltr'><strong>fraudes,</strong></span> <span class='ocrx_word' id='word_1_35' title='bbox 991 1084 1102 1139; x_wconf 79' lang='lat' dir='ltr'><strong>technas</strong></span> <span class='ocrx_word' id='word_1_36' title='bbox 1125 1092 1152 1139; x_wconf 91' lang='lat' dir='ltr'><strong>et</strong></span> <span class='ocrx_word' id='word_1_37' title='bbox 1176 1084 1366 1156; x_wconf 79' lang='lat' dir='ltr'><strong>tyrannidem?</strong></span> <span class='ocrx_word' id='word_1_38' title='bbox 1398 1084 1516 1139; x_wconf 83' lang='lat' dir='ltr'><strong>lletraxit</strong></span> <span class='ocrx_word' id='word_1_39' title='bbox 1544 1092 1650 1139; x_wconf 87' lang='lat' dir='ltr'><strong>tantum</strong></span> <span class='ocrx_word' id='word_1_40' title='bbox 1673 1083 1762 1139; x_wconf 82' lang='lat' dir='ltr'><strong>larvas</strong></span> <span class='ocrx_word' id='word_1_41' title='bbox 1785 1092 1812 1137; x_wconf 85' lang='lat' dir='ltr'><strong>et</strong></span> 
     </span>
     <span class='ocr_line' id='line_1_5' title="bbox 516 1168 1813 1244; baseline -0.002 -20"><span class='ocrx_word' id='word_1_42' title='bbox 516 1186 663 1244; x_wconf 87' lang='lat' dir='ltr'><strong>personas,</strong></span> <span class='ocrx_word' id='word_1_43' title='bbox 686 1178 715 1224; x_wconf 91' lang='lat' dir='ltr'><strong>et</strong></span> <span class='ocrx_word' id='word_1_44' title='bbox 737 1168 775 1224; x_wconf 91' lang='lat' dir='ltr'><strong>sic</strong></span> <span class='ocrx_word' id='word_1_45' title='bbox 797 1169 905 1224; x_wconf 79' lang='lat' dir='ltr'><strong>confusi</strong></span> <span class='ocrx_word' id='word_1_46' title='bbox 928 1176 1005 1229; x_wconf 89' lang='lat' dir='ltr'><strong>sunt,</strong></span> <span class='ocrx_word' id='word_1_47' title='bbox 1035 1176 1065 1223; x_wconf 92' lang='lat' dir='ltr'><strong>ut</strong></span> <span class='ocrx_word' id='word_1_48' title='bbox 1088 1169 1174 1241; x_wconf 88' lang='lat' dir='ltr'><strong>magis</strong></span> <span class='ocrx_word' id='word_1_49' title='bbox 1206 1168 1286 1223; x_wconf 90' lang='lat' dir='ltr'><strong>hodie</strong></span> <span class='ocrx_word' id='word_1_50' title='bbox 1315 1169 1460 1241; x_wconf 82' lang='lat' dir='ltr'><strong>dignemur</strong></span> <span class='ocrx_word' id='word_1_51' title='bbox 1482 1169 1583 1224; x_wconf 85' lang='lat' dir='ltr'><strong>&#39;loreas</strong></span> <span class='ocrx_word' id='word_1_52' title='bbox 1612 1186 1693 1243; x_wconf 90' lang='lat' dir='ltr'><strong>qnam</strong></span> <span class='ocrx_word' id='word_1_53' title='bbox 1716 1168 1813 1223; x_wconf 82' lang='lat' dir='ltr'><strong>Roma·</strong></span> 
     </span>
     <span class='ocr_line' id='line_1_6' title="bbox 515 1253 1831 1327; baseline -0.002 -18"><span class='ocrx_word' id='word_1_54' title='bbox 515 1271 623 1309; x_wconf 90' lang='lat' dir='ltr'><strong>nenses.</strong></span> <span class='ocrx_word' id='word_1_55' title='bbox 668 1253 765 1321; x_wconf 80' lang='lat' dir='ltr'><strong>Quaeso</strong></span> <span class='ocrx_word' id='word_1_56' title='bbox 789 1262 828 1315; x_wconf 92' lang='lat' dir='ltr'><strong>te,</strong></span> <span class='ocrx_word' id='word_1_57' title='bbox 852 1254 899 1327; x_wconf 80' lang='lat' dir='ltr'><strong>qui</strong></span> <span class='ocrx_word' id='word_1_58' title='bbox 923 1254 1102 1326; x_wconf 87' lang='lat' dir='ltr'><strong>imperatores</strong></span> <span class='ocrx_word' id='word_1_59' title='bbox 1125 1261 1152 1308; x_wconf 89' lang='lat' dir='ltr'><strong>et</strong></span> <span class='ocrx_word' id='word_1_60' title='bbox 1175 1253 1256 1308; x_wconf 86' lang='lat' dir='ltr'><strong>Gothi</strong></span> <span class='ocrx_word' id='word_1_61' title='bbox 1279 1253 1318 1309; x_wconf 90' lang='lat' dir='ltr'><strong>sic</strong></span> <span class='ocrx_word' id='word_1_62' title='bbox 1341 1271 1460 1327; x_wconf 89' lang='lat' dir='ltr'><strong>unquam</strong></span> <span class='ocrx_word' id='word_1_63' title='bbox 1489 1253 1638 1309; x_wconf 84' lang='lat' dir='ltr'><strong>abluerunt</strong></span> <span class='ocrx_word' id='word_1_64' title='bbox 1661 1253 1745 1309; x_wconf 77' lang='lat' dir='ltr'><strong>ltalia</strong></span> <span class='ocrx_word' id='word_1_65' title='bbox 1769 1262 1831 1307; x_wconf 56' lang='lat' dir='ltr'><strong>vad</strong></span> 
     </span>
     <span class='ocr_line' id='line_1_7' title="bbox 515 1336 1810 1412; baseline -0.001 -19"><span class='ocrx_word' id='word_1_66' title='bbox 515 1346 608 1400; x_wconf 79' lang='lat' dir='ltr'><strong>statae,</strong></span> <span class='ocrx_word' id='word_1_67' title='bbox 632 1338 856 1412; x_wconf 76' lang='lat' dir='ltr'>quemadmodum</span> <span class='ocrx_word' id='word_1_68' title='bbox 879 1339 934 1394; x_wconf 92' lang='lat' dir='ltr'><strong>duo</strong></span> <span class='ocrx_word' id='word_1_69' title='bbox 958 1337 1012 1397; x_wconf 86' lang='lat' dir='ltr'><strong>illi.</strong></span> <span class='ocrx_word' id='word_1_70' title='bbox 1049 1336 1185 1393; x_wconf 52' lang='lat' dir='ltr'><strong>liutherus</strong></span> <span class='ocrx_word' id='word_1_71' title='bbox 1208 1345 1236 1394; x_wconf 85' lang='lat' dir='ltr'><strong>et</strong></span> <span class='ocrx_word' id='word_1_72' title='bbox 1258 1337 1411 1393; x_wconf 74' lang='lat' dir='ltr'><strong>lluttenus‘?</strong></span> <span class='ocrx_word' id='word_1_73' title='bbox 1445 1348 1472 1394; x_wconf 88' lang='lat' dir='ltr'><strong>et</strong></span> <span class='ocrx_word' id='word_1_74' title='bbox 1501 1346 1591 1393; x_wconf 90' lang='lat' dir='ltr'><strong>tamen</strong></span> <span class='ocrx_word' id='word_1_75' title='bbox 1621 1355 1656 1393; x_wconf 89' lang='lat' dir='ltr'><strong>ne</strong></span> <span class='ocrx_word' id='word_1_76' title='bbox 1678 1355 1810 1398; x_wconf 89' lang='lat' dir='ltr'><strong>muscam,</strong></span> 
     </span>
     <span class='ocr_line' id='line_1_8' title="bbox 515 1423 1050 1497; baseline -0.007 -19"><span class='ocrx_word' id='word_1_77' title='bbox 515 1431 545 1478; x_wconf 91' lang='lat' dir='ltr'><strong>ut</strong></span> <span class='ocrx_word' id='word_1_78' title='bbox 567 1424 671 1497; x_wconf 89' lang='lat' dir='ltr'><strong>inquis,</strong></span> <span class='ocrx_word' id='word_1_79' title='bbox 695 1423 824 1478; x_wconf 82' lang='lat' dir='ltr'><strong>laeserunt</strong></span> <span class='ocrx_word' id='word_1_80' title='bbox 846 1423 1050 1479; x_wconf 81' lang='lat' dir='ltr'><strong>Romanensem.</strong></span> 
     </span>
    </p>

    <p class='ocr_par' dir='ltr' id='par_1_3' title="bbox 475 1503 1839 2837">
     <span class='ocr_line' id='line_1_9' title="bbox 580 1503 1811 1584; baseline -0.006 -16"><span class='ocrx_word' id='word_1_81' title='bbox 580 1503 678 1584; x_wconf 64' lang='lat' dir='ltr'><strong>[itit]</strong></span> <span class='ocrx_word' id='word_1_82' title='bbox 724 1524 773 1564; x_wconf 79' lang='lat' dir='ltr'><strong>en.</strong></span> <span class='ocrx_word' id='word_1_83' title='bbox 798 1508 856 1562; x_wconf 90' lang='lat' dir='ltr'><strong>Sed</strong></span> <span class='ocrx_word' id='word_1_84' title='bbox 877 1510 982 1574; x_wconf 74' lang='lat' dir='ltr'><strong>utitem,</strong></span> <span class='ocrx_word' id='word_1_85' title='bbox 1012 1525 1049 1562; x_wconf 84' lang='lat' dir='ltr'><strong>an</strong></span> <span class='ocrx_word' id='word_1_86' title='bbox 1077 1508 1215 1577; x_wconf 70' lang='lat' dir='ltr'><strong>expediat</strong></span> <span class='ocrx_word' id='word_1_87' title='bbox 1243 1509 1363 1562; x_wconf 81' lang='lat' dir='ltr'><strong>irritare</strong></span> <span class='ocrx_word' id='word_1_88' title='bbox 1392 1524 1464 1578; x_wconf 77' lang='lat' dir='ltr'><strong>qeins</strong></span> <span class='ocrx_word' id='word_1_89' title='bbox 1491 1508 1621 1563; x_wconf 80' lang='lat' dir='ltr'><strong>irritatos</strong></span> <span class='ocrx_word' id='word_1_90' title='bbox 1643 1525 1701 1562; x_wconf 86' lang='lat' dir='ltr'><strong>non</strong></span> <span class='ocrx_word' id='word_1_91' title='bbox 1724 1514 1811 1578; x_wconf 81' lang='lat' dir='ltr'><strong>quent</strong></span> 
     </span>
     <span class='ocr_line' id='line_1_10' title="bbox 514 1591 1809 1665; baseline -0.003 -16"><span class='ocrx_word' id='word_1_92' title='bbox 514 1595 687 1664; x_wconf 79' lang='lat' dir='ltr'><strong>opprimere.</strong></span> <span class='ocrx_word' id='word_1_93' title='bbox 753 1610 804 1647; x_wconf 86' lang='lat' dir='ltr'><strong>or.</strong></span> <span class='ocrx_word' id='word_1_94' title='bbox 829 1592 861 1647; x_wconf 88' lang='lat' dir='ltr'><strong>tn</strong></span> <span class='ocrx_word' id='word_1_95' title='bbox 884 1609 936 1647; x_wconf 91' lang='lat' dir='ltr'><strong>non</strong></span> <span class='ocrx_word' id='word_1_96' title='bbox 960 1592 1085 1665; x_wconf 63' lang='lat' dir='ltr'><strong>cxliediat</strong></span> <span class='ocrx_word' id='word_1_97' title='bbox 1107 1591 1229 1665; x_wconf 88' lang='lat' dir='ltr'><strong>propriis</strong></span> <span class='ocrx_word' id='word_1_98' title='bbox 1252 1591 1346 1652; x_wconf 86' lang='lat' dir='ltr'><strong>rebus,</strong></span> <span class='ocrx_word' id='word_1_99' title='bbox 1378 1601 1420 1647; x_wconf 87' lang='lat' dir='ltr'><strong>est</strong></span> <span class='ocrx_word' id='word_1_100' title='bbox 1442 1600 1532 1647; x_wconf 90' lang='lat' dir='ltr'><strong>tamen</strong></span> <span class='ocrx_word' id='word_1_101' title='bbox 1554 1592 1739 1648; x_wconf 85' lang='lat' dir='ltr'><strong>Christianum</strong></span> <span class='ocrx_word' id='word_1_102' title='bbox 1762 1592 1809 1645; x_wconf 89' lang='lat' dir='ltr'><strong>im·</strong></span> 
     </span>
     <span class='ocr_line' id='line_1_11' title="bbox 514 1675 1839 1752; baseline -0.002 -20"><span class='ocrx_word' id='word_1_103' title='bbox 514 1679 575 1752; x_wconf 92' lang='lat' dir='ltr'><strong>pios</strong></span> <span class='ocrx_word' id='word_1_104' title='bbox 598 1694 714 1750; x_wconf 80' lang='lat' dir='ltr'><strong>arguere</strong></span> <span class='ocrx_word' id='word_1_105' title='bbox 737 1686 765 1732; x_wconf 91' lang='lat' dir='ltr'><strong>et</strong></span> <span class='ocrx_word' id='word_1_106' title='bbox 787 1677 904 1732; x_wconf 78' lang='lat' dir='ltr'><strong>atlimere</strong></span> <span class='ocrx_word' id='word_1_107' title='bbox 928 1676 981 1731; x_wconf 85' lang='lat' dir='ltr'><strong>illis</strong></span> <span class='ocrx_word' id='word_1_108' title='bbox 1005 1676 1140 1730; x_wconf 77' lang='lat' dir='ltr'><strong>licentiam</strong></span> <span class='ocrx_word' id='word_1_109' title='bbox 1164 1676 1306 1749; x_wconf 85' lang='lat' dir='ltr'><strong>peccandi,</strong></span> <span class='ocrx_word' id='word_1_110' title='bbox 1334 1675 1375 1731; x_wconf 83' lang='lat' dir='ltr'><strong>vel</strong></span> <span class='ocrx_word' id='word_1_111' title='bbox 1405 1677 1467 1732; x_wconf 85' lang='lat' dir='ltr'><strong>vitia</strong></span> <span class='ocrx_word' id='word_1_112' title='bbox 1496 1694 1543 1731; x_wconf 86' lang='lat' dir='ltr'><strong>sua</strong></span> <span class='ocrx_word' id='word_1_113' title='bbox 1567 1677 1749 1749; x_wconf 83' lang='lat' dir='ltr'><strong>exprobrare,</strong></span> <span class='ocrx_word' id='word_1_114' title='bbox 1778 1684 1839 1730; x_wconf 76' lang='lat' dir='ltr'><strong>utin</strong></span> 
     </span>
     <span class='ocr_line' id='line_1_12' title="bbox 475 1760 1808 1835; baseline 0.002 -22"><span class='ocrx_word' id='word_1_115' title='bbox 475 1804 479 1813; x_wconf 91' lang='lat'>.</span> <span class='ocrx_word' id='word_1_116' title='bbox 515 1763 600 1818; x_wconf 90' lang='lat' dir='ltr'><strong>sciant</strong></span> <span class='ocrx_word' id='word_1_117' title='bbox 623 1780 652 1817; x_wconf 86' lang='lat' dir='ltr'><strong>se</strong></span> <span class='ocrx_word' id='word_1_118' title='bbox 675 1778 729 1816; x_wconf 88' lang='lat' dir='ltr'><strong>non</strong></span> <span class='ocrx_word' id='word_1_119' title='bbox 753 1761 904 1817; x_wconf 83' lang='lat' dir='ltr'><strong>Christiane</strong></span> <span class='ocrx_word' id='word_1_120' title='bbox 927 1778 1017 1831; x_wconf 84' lang='lat' dir='ltr'><strong>agere.</strong></span> <span class='ocrx_word' id='word_1_121' title='bbox 1055 1768 1083 1816; x_wconf 92' lang='lat' dir='ltr'><strong>et</strong></span> <span class='ocrx_word' id='word_1_122' title='bbox 1106 1760 1169 1815; x_wconf 89' lang='lat' dir='ltr'><strong>licet</strong></span> <span class='ocrx_word' id='word_1_123' title='bbox 1192 1777 1358 1834; x_wconf 86' lang='lat' dir='ltr'><strong>nequeamus</strong></span> <span class='ocrx_word' id='word_1_124' title='bbox 1385 1761 1555 1835; x_wconf 86' lang='lat' dir='ltr'><strong>opprimere,</strong></span> <span class='ocrx_word' id='word_1_125' title='bbox 1589 1769 1672 1834; x_wconf 86' lang='lat' dir='ltr'><strong>atque</strong></span> <span class='ocrx_word' id='word_1_126' title='bbox 1702 1761 1742 1815; x_wconf 89' lang='lat' dir='ltr'><strong>illi</strong></span> <span class='ocrx_word' id='word_1_127' title='bbox 1764 1777 1808 1815; x_wconf 90' lang='lat' dir='ltr'><strong>co·</strong></span> 
     </span>
     <span class='ocr_line' id='line_1_13' title="bbox 515 1844 1809 1921; baseline -0.004 -18"><span class='ocrx_word' id='word_1_128' title='bbox 515 1855 594 1903; x_wconf 90' lang='lat' dir='ltr'><strong>natus</strong></span> <span class='ocrx_word' id='word_1_129' title='bbox 618 1855 728 1901; x_wconf 91' lang='lat' dir='ltr'><strong>nostros</strong></span> <span class='ocrx_word' id='word_1_130' title='bbox 752 1847 926 1921; x_wconf 80' lang='lat' dir='ltr'><strong>opprimunt:</strong></span> <span class='ocrx_word' id='word_1_131' title='bbox 960 1845 1023 1900; x_wconf 89' lang='lat' dir='ltr'><strong>dum</strong></span> <span class='ocrx_word' id='word_1_132' title='bbox 1046 1844 1219 1918; x_wconf 89' lang='lat' dir='ltr'><strong>opprimunt,</strong></span> <span class='ocrx_word' id='word_1_133' title='bbox 1251 1853 1340 1901; x_wconf 89' lang='lat' dir='ltr'><strong>tamen</strong></span> <span class='ocrx_word' id='word_1_134' title='bbox 1363 1863 1413 1902; x_wconf 92' lang='lat' dir='ltr'><strong>nos</strong></span> <span class='ocrx_word' id='word_1_135' title='bbox 1441 1846 1584 1905; x_wconf 81' lang='lat' dir='ltr'><strong>vincimus,</strong></span> <span class='ocrx_word' id='word_1_136' title='bbox 1613 1855 1642 1901; x_wconf 89' lang='lat' dir='ltr'><strong>et</strong></span> <span class='ocrx_word' id='word_1_137' title='bbox 1664 1847 1809 1901; x_wconf 88' lang='lat' dir='ltr'><strong>vincuntur</strong></span> 
     </span>
     <span class='ocr_line' id='line_1_14' title="bbox 515 1921 1806 2005; baseline 0.001 -18"><span class='ocrx_word' id='word_1_138' title='bbox 515 1932 561 2005; x_wconf 91' lang='lat' dir='ltr'><strong>qui</strong></span> <span class='ocrx_word' id='word_1_139' title='bbox 585 1931 788 2005; x_wconf 78' lang='lat' dir='ltr'><strong>opprimebant:</strong></span> <span class='ocrx_word' id='word_1_140' title='bbox 812 1929 1036 2004; x_wconf 81' lang='lat' dir='ltr'><strong>quemadmodum</strong></span> <span class='ocrx_word' id='word_1_141' title='bbox 1059 1930 1166 1984; x_wconf 89' lang='lat' dir='ltr'><strong>occisus</strong></span> <span class='ocrx_word' id='word_1_142' title='bbox 1188 1938 1231 1984; x_wconf 90' lang='lat' dir='ltr'><strong>est</strong></span> <span class='ocrx_word' id='word_1_143' title='bbox 1253 1939 1281 1985; x_wconf 95' lang='lat' dir='ltr'><strong>et</strong></span> <span class='ocrx_word' id='word_1_144' title='bbox 1295 1930 1421 1985; x_wconf 82' lang='lat' dir='ltr'><strong>Christus</strong></span> <span class='ocrx_word' id='word_1_145' title='bbox 1444 1939 1471 1985; x_wconf 89' lang='lat' dir='ltr'><strong>et</strong></span> <span class='ocrx_word' id='word_1_146' title='bbox 1495 1921 1584 1986; x_wconf 84' lang='lat' dir='ltr'><strong>tamen</strong></span> <span class='ocrx_word' id='word_1_147' title='bbox 1606 1931 1694 1986; x_wconf 90' lang='lat' dir='ltr'><strong>victor</strong></span> <span class='ocrx_word' id='word_1_148' title='bbox 1715 1930 1806 1989; x_wconf 87' lang='lat' dir='ltr'><strong>evasit.</strong></span> 
     </span>
     <span class='ocr_line' id='line_1_15' title="bbox 513 2015 1807 2089; baseline -0.001 -20"><span class='ocrx_word' id='word_1_149' title='bbox 513 2018 636 2073; x_wconf 88' lang='lat' dir='ltr'><strong>vicerunt</strong></span> <span class='ocrx_word' id='word_1_150' title='bbox 665 2024 692 2071; x_wconf 89' lang='lat' dir='ltr'><strong>ct</strong></span> <span class='ocrx_word' id='word_1_151' title='bbox 720 2016 804 2071; x_wconf 88' lang='lat' dir='ltr'><strong>sancti</strong></span> <span class='ocrx_word' id='word_1_152' title='bbox 834 2023 861 2070; x_wconf 85' lang='lat' dir='ltr'><strong>ct</strong></span> <span class='ocrx_word' id='word_1_153' title='bbox 891 2023 978 2071; x_wconf 89' lang='lat' dir='ltr'><strong>tamen</strong></span> <span class='ocrx_word' id='word_1_154' title='bbox 1009 2031 1064 2070; x_wconf 91' lang='lat' dir='ltr'><strong>uon</strong></span> <span class='ocrx_word' id='word_1_155' title='bbox 1093 2022 1292 2089; x_wconf 85' lang='lat' dir='ltr'><strong>oppresserunt</strong></span> <span class='ocrx_word' id='word_1_156' title='bbox 1327 2033 1396 2089; x_wconf 87' lang='lat' dir='ltr'><strong>qnos</strong></span> <span class='ocrx_word' id='word_1_157' title='bbox 1431 2015 1615 2070; x_wconf 81' lang='lat' dir='ltr'><strong>irritaverunt.</strong></span> <span class='ocrx_word' id='word_1_158' title='bbox 1658 2016 1807 2088; x_wconf 84' lang='lat' dir='ltr'><strong>Propterea</strong></span> 
     </span>
     <span class='ocr_line' id='line_1_16' title="bbox 514 2098 1836 2174; baseline -0.003 -17"><span class='ocrx_word' id='word_1_159' title='bbox 514 2102 598 2163; x_wconf 90' lang='lat' dir='ltr'><strong>enim,</strong></span> <span class='ocrx_word' id='word_1_160' title='bbox 624 2101 728 2174; x_wconf 88' lang='lat' dir='ltr'><strong>inquit,</strong></span> <span class='ocrx_word' id='word_1_161' title='bbox 753 2117 786 2155; x_wconf 91' lang='lat' dir='ltr'><strong>nc</strong></span> <span class='ocrx_word' id='word_1_162' title='bbox 810 2100 940 2155; x_wconf 74' lang='lat' dir='ltr'><strong>formides</strong></span> <span class='ocrx_word' id='word_1_163' title='bbox 962 2118 975 2154; x_wconf 91' lang='lat' dir='ltr'><strong>a</strong></span> <span class='ocrx_word' id='word_1_164' title='bbox 1000 2100 1202 2159; x_wconf 76' lang='lat' dir='ltr'><strong>insincerum:</strong></span> <span class='ocrx_word' id='word_1_165' title='bbox 1236 2117 1285 2153; x_wconf 91' lang='lat' dir='ltr'><strong>uec</strong></span> <span class='ocrx_word' id='word_1_166' title='bbox 1313 2100 1384 2155; x_wconf 91' lang='lat' dir='ltr'><strong>enim</strong></span> <span class='ocrx_word' id='word_1_167' title='bbox 1416 2099 1510 2155; x_wconf 87' lang='lat' dir='ltr'><strong>timere</strong></span> <span class='ocrx_word' id='word_1_168' title='bbox 1534 2099 1679 2155; x_wconf 77' lang='lat' dir='ltr'><strong>telesiam</strong></span> <span class='ocrx_word' id='word_1_169' title='bbox 1703 2098 1836 2154; x_wconf 73' lang='lat' dir='ltr'><strong>imltnmtt</strong></span> 
     </span>
     <span class='ocr_line' id='line_1_17' title="bbox 514 2175 1805 2259; baseline 0 -17"><span class='ocrx_word' id='word_1_170' title='bbox 514 2203 622 2242; x_wconf 84' lang='lat' dir='ltr'><strong>cornui:</strong></span> <span class='ocrx_word' id='word_1_171' title='bbox 656 2204 709 2258; x_wconf 88' lang='lat' dir='ltr'><strong>ego</strong></span> <span class='ocrx_word' id='word_1_172' title='bbox 732 2185 833 2259; x_wconf 86' lang='lat' dir='ltr'><strong>quippe</strong></span> <span class='ocrx_word' id='word_1_173' title='bbox 856 2185 916 2240; x_wconf 92' lang='lat' dir='ltr'><strong>dedi</strong></span> <span class='ocrx_word' id='word_1_174' title='bbox 941 2192 967 2239; x_wconf 89' lang='lat' dir='ltr'><strong>te</strong></span> <span class='ocrx_word' id='word_1_175' title='bbox 986 2175 1070 2240; x_wconf 90' lang='lat' dir='ltr'><strong>bodie</strong></span> <span class='ocrx_word' id='word_1_176' title='bbox 1093 2184 1120 2237; x_wconf 93' lang='lat' dir='ltr'><strong>in</strong></span> <span class='ocrx_word' id='word_1_177' title='bbox 1143 2184 1279 2240; x_wconf 85' lang='lat' dir='ltr'><strong>civitatem</strong></span> <span class='ocrx_word' id='word_1_178' title='bbox 1302 2184 1432 2240; x_wconf 87' lang='lat' dir='ltr'><strong>munitam</strong></span> <span class='ocrx_word' id='word_1_179' title='bbox 1455 2193 1482 2239; x_wconf 91' lang='lat' dir='ltr'><strong>ct</strong></span> <span class='ocrx_word' id='word_1_180' title='bbox 1505 2184 1532 2239; x_wconf 93' lang='lat' dir='ltr'><strong>in</strong></span> <span class='ocrx_word' id='word_1_181' title='bbox 1557 2201 1662 2239; x_wconf 92' lang='lat' dir='ltr'><strong>murum</strong></span> <span class='ocrx_word' id='word_1_182' title='bbox 1685 2201 1805 2242; x_wconf 87' lang='lat' dir='ltr'><strong>acnenm.</strong></span> 
     </span>
     <span class='ocr_line' id='line_1_18' title="bbox 514 2268 1806 2345; baseline -0.003 -20"><span class='ocrx_word' id='word_1_183' title='bbox 514 2288 597 2345; x_wconf 86' lang='lat' dir='ltr'><strong>super</strong></span> <span class='ocrx_word' id='word_1_184' title='bbox 620 2288 726 2325; x_wconf 86' lang='lat' dir='ltr'><strong>oirrnem</strong></span> <span class='ocrx_word' id='word_1_185' title='bbox 749 2279 864 2329; x_wconf 82' lang='lat' dir='ltr'><strong>temam,</strong></span> <span class='ocrx_word' id='word_1_186' title='bbox 894 2269 1005 2341; x_wconf 87' lang='lat' dir='ltr'><strong>vegilms</strong></span> <span class='ocrx_word' id='word_1_187' title='bbox 1028 2268 1090 2323; x_wconf 85' lang='lat' dir='ltr'><strong>luda</strong></span> <span class='ocrx_word' id='word_1_188' title='bbox 1113 2275 1141 2322; x_wconf 87' lang='lat' dir='ltr'><strong>ct</strong></span> <span class='ocrx_word' id='word_1_189' title='bbox 1163 2268 1332 2342; x_wconf 88' lang='lat' dir='ltr'><strong>principibus</strong></span> <span class='ocrx_word' id='word_1_190' title='bbox 1355 2269 1414 2324; x_wconf 88' lang='lat' dir='ltr'><strong>eius</strong></span> <span class='ocrx_word' id='word_1_191' title='bbox 1437 2277 1465 2323; x_wconf 90' lang='lat' dir='ltr'><strong>et</strong></span> <span class='ocrx_word' id='word_1_192' title='bbox 1488 2268 1675 2324; x_wconf 87' lang='lat' dir='ltr'><strong>sacerdotibus</strong></span> <span class='ocrx_word' id='word_1_193' title='bbox 1698 2269 1759 2323; x_wconf 87' lang='lat' dir='ltr'><strong>eius</strong></span> <span class='ocrx_word' id='word_1_194' title='bbox 1781 2275 1806 2322; x_wconf 90' lang='lat' dir='ltr'><strong>et</strong></span> 
     </span>
     <span class='ocr_line' id='line_1_19' title="bbox 514 2352 1806 2429; baseline -0.003 -18"><span class='ocrx_word' id='word_1_195' title='bbox 514 2356 586 2411; x_wconf 85' lang='lat' dir='ltr'><strong>cmiii</strong></span> <span class='ocrx_word' id='word_1_196' title='bbox 611 2355 714 2429; x_wconf 90' lang='lat' dir='ltr'><strong>populo</strong></span> <span class='ocrx_word' id='word_1_197' title='bbox 738 2363 831 2415; x_wconf 76' lang='lat' dir='ltr'><strong>terrae:</strong></span> <span class='ocrx_word' id='word_1_198' title='bbox 855 2363 882 2408; x_wconf 88' lang='lat' dir='ltr'><strong>et</strong></span> <span class='ocrx_word' id='word_1_199' title='bbox 905 2353 1044 2410; x_wconf 88' lang='lat' dir='ltr'><strong>bellabunt</strong></span> <span class='ocrx_word' id='word_1_200' title='bbox 1067 2352 1208 2408; x_wconf 89' lang='lat' dir='ltr'><strong>adversum</strong></span> <span class='ocrx_word' id='word_1_201' title='bbox 1232 2360 1272 2414; x_wconf 89' lang='lat' dir='ltr'><strong>te,</strong></span> <span class='ocrx_word' id='word_1_202' title='bbox 1303 2354 1329 2408; x_wconf 85' lang='lat' dir='ltr'><strong>ei</strong></span> <span class='ocrx_word' id='word_1_203' title='bbox 1359 2371 1413 2408; x_wconf 85' lang='lat' dir='ltr'><strong>iton</strong></span> <span class='ocrx_word' id='word_1_204' title='bbox 1437 2353 1635 2426; x_wconf 69' lang='lat' dir='ltr'><strong>prevalebunt,</strong></span> <span class='ocrx_word' id='word_1_205' title='bbox 1665 2354 1729 2426; x_wconf 89' lang='lat' dir='ltr'><strong>quia</strong></span> <span class='ocrx_word' id='word_1_206' title='bbox 1757 2370 1806 2424; x_wconf 86' lang='lat' dir='ltr'><strong>ego</strong></span> 
     </span>
     <span class='ocr_line' id='line_1_20' title="bbox 514 2428 1807 2500; baseline -0.003 -5"><span class='ocrx_word' id='word_1_207' title='bbox 514 2449 602 2497; x_wconf 90' lang='lat' dir='ltr'><strong>tecum</strong></span> <span class='ocrx_word' id='word_1_208' title='bbox 625 2457 698 2500; x_wconf 90' lang='lat' dir='ltr'><strong>sum,</strong></span> <span class='ocrx_word' id='word_1_209' title='bbox 733 2447 763 2493; x_wconf 89' lang='grc' dir='ltr'><strong>ιιι</strong></span> <span class='ocrx_word' id='word_1_210' title='bbox 785 2439 899 2494; x_wconf 90' lang='lat' dir='ltr'><strong>liberem</strong></span> <span class='ocrx_word' id='word_1_211' title='bbox 922 2447 962 2499; x_wconf 90' lang='lat' dir='ltr'><strong>te,</strong></span> <span class='ocrx_word' id='word_1_212' title='bbox 996 2428 1061 2492; x_wconf 89' lang='lat' dir='ltr'><strong>dicit</strong></span> <span class='ocrx_word' id='word_1_213' title='bbox 1083 2437 1218 2492; x_wconf 87' lang='lat' dir='ltr'><strong>dominus.</strong></span> <span class='ocrx_word' id='word_1_214' title='bbox 1268 2437 1299 2493; x_wconf 82' lang='lat' dir='ltr'><strong>m</strong></span> <span class='ocrx_word' id='word_1_215' title='bbox 1322 2455 1445 2498; x_wconf 91' lang='lat' dir='ltr'><strong>rursum,</strong></span> <span class='ocrx_word' id='word_1_216' title='bbox 1481 2438 1521 2493; x_wconf 80' lang='lat' dir='ltr'><strong>Tu</strong></span> <span class='ocrx_word' id='word_1_217' title='bbox 1543 2446 1633 2493; x_wconf 90' lang='lat' dir='ltr'><strong>antem</strong></span> <span class='ocrx_word' id='word_1_218' title='bbox 1656 2455 1690 2493; x_wconf 89' lang='lat' dir='ltr'><strong>ne</strong></span> <span class='ocrx_word' id='word_1_219' title='bbox 1715 2439 1807 2493; x_wconf 84' lang='lat' dir='ltr'><strong>timeas</strong></span> 
     </span>
     <span class='ocr_line' id='line_1_21' title="bbox 513 2521 1836 2596; baseline -0.005 -16"><span class='ocrx_word' id='word_1_220' title='bbox 513 2543 576 2585; x_wconf 91' lang='lat' dir='ltr'><strong>eos,</strong></span> <span class='ocrx_word' id='word_1_221' title='bbox 613 2541 701 2596; x_wconf 64' lang='lat' dir='ltr'><strong>nerine</strong></span> <span class='ocrx_word' id='word_1_222' title='bbox 724 2531 981 2579; x_wconf 85' lang='lat' dir='ltr'><strong>sennones&#39;cormn</strong></span> <span class='ocrx_word' id='word_1_223' title='bbox 1010 2529 1130 2583; x_wconf 88' lang='lat' dir='ltr'><strong>metuas,</strong></span> <span class='ocrx_word' id='word_1_224' title='bbox 1164 2524 1292 2596; x_wconf 68' lang='lat' dir='ltr'><strong>(lucarnam</strong></span> <span class='ocrx_word' id='word_1_225' title='bbox 1321 2521 1451 2578; x_wconf 90' lang='lat' dir='ltr'><strong>inereduli</strong></span> <span class='ocrx_word' id='word_1_226' title='bbox 1480 2531 1508 2578; x_wconf 91' lang='lat' dir='ltr'><strong>et</strong></span> <span class='ocrx_word' id='word_1_227' title='bbox 1537 2522 1715 2578; x_wconf 81' lang='lat' dir='ltr'><strong>subversores</strong></span> <span class='ocrx_word' id='word_1_228' title='bbox 1744 2530 1836 2577; x_wconf 81' lang='lat' dir='ltr'><strong>suntet</strong></span> 
     </span>
     <span class='ocr_line' id='line_1_22' title="bbox 514 2606 1806 2680; baseline -0.003 -16"><span class='ocrx_word' id='word_1_229' title='bbox 514 2617 615 2668; x_wconf 84' lang='lat' dir='ltr'><strong>tecum.</strong></span> <span class='ocrx_word' id='word_1_230' title='bbox 638 2617 748 2663; x_wconf 85' lang='lat' dir='ltr'><strong>etcum</strong></span> <span class='ocrx_word' id='word_1_231' title='bbox 772 2607 963 2680; x_wconf 83' lang='lat' dir='ltr'><strong>scorpionibus</strong></span> <span class='ocrx_word' id='word_1_232' title='bbox 986 2606 1100 2661; x_wconf 88' lang='lat' dir='ltr'><strong>habitas.</strong></span> <span class='ocrx_word' id='word_1_233' title='bbox 1139 2606 1217 2662; x_wconf 89' lang='lat' dir='ltr'><strong>verba</strong></span> <span class='ocrx_word' id='word_1_234' title='bbox 1241 2625 1335 2664; x_wconf 85' lang='lat' dir='ltr'><strong>eornm</strong></span> <span class='ocrx_word' id='word_1_235' title='bbox 1358 2625 1392 2661; x_wconf 90' lang='lat' dir='ltr'><strong>nc</strong></span> <span class='ocrx_word' id='word_1_236' title='bbox 1416 2607 1525 2666; x_wconf 88' lang='lat' dir='ltr'><strong>timeas,</strong></span> <span class='ocrx_word' id='word_1_237' title='bbox 1549 2616 1576 2662; x_wconf 91' lang='lat' dir='ltr'><strong>et</strong></span> <span class='ocrx_word' id='word_1_238' title='bbox 1600 2606 1691 2662; x_wconf 85' lang='lat' dir='ltr'><strong>vultus</strong></span> <span class='ocrx_word' id='word_1_239' title='bbox 1712 2624 1806 2663; x_wconf 87' lang='lat' dir='ltr'><strong>eornm</strong></span> 
     </span>
     <span class='ocr_line' id='line_1_23' title="bbox 513 2691 1806 2764; baseline -0.002 -16"><span class='ocrx_word' id='word_1_240' title='bbox 513 2711 547 2748; x_wconf 90' lang='lat' dir='ltr'><strong>ne</strong></span> <span class='ocrx_word' id='word_1_241' title='bbox 571 2692 715 2752; x_wconf 73' lang='lat' dir='ltr'><strong>formides,</strong></span> <span class='ocrx_word' id='word_1_242' title='bbox 746 2693 808 2764; x_wconf 80' lang='lat' dir='ltr'><strong>quia</strong></span> <span class='ocrx_word' id='word_1_243' title='bbox 831 2692 928 2746; x_wconf 89' lang='lat' dir='ltr'><strong>domus</strong></span> <span class='ocrx_word' id='word_1_244' title='bbox 950 2708 1114 2764; x_wconf 80' lang='lat' dir='ltr'><strong>exasperans</strong></span> <span class='ocrx_word' id='word_1_245' title='bbox 1137 2699 1193 2751; x_wconf 86' lang='lat' dir='ltr'><strong>est:</strong></span> <span class='ocrx_word' id='word_1_246' title='bbox 1228 2701 1255 2748; x_wconf 86' lang='lat' dir='ltr'><strong>el</strong></span> <span class='ocrx_word' id='word_1_247' title='bbox 1278 2691 1372 2749; x_wconf 85' lang='lat' dir='ltr'><strong>oculos</strong></span> <span class='ocrx_word' id='word_1_248' title='bbox 1404 2692 1503 2747; x_wconf 90' lang='lat' dir='ltr'><strong>habent</strong></span> <span class='ocrx_word' id='word_1_249' title='bbox 1532 2692 1563 2747; x_wconf 91' lang='lat' dir='ltr'><strong>ad</strong></span> <span class='ocrx_word' id='word_1_250' title='bbox 1592 2692 1751 2752; x_wconf 86' lang='lat' dir='ltr'><strong>videndum,</strong></span> <span class='ocrx_word' id='word_1_251' title='bbox 1780 2699 1806 2745; x_wconf 88' lang='lat' dir='ltr'><strong>et</strong></span> 
     </span>
     <span class='ocr_line' id='line_1_24' title="bbox 513 2775 1372 2837; baseline -0.002 -5"><span class='ocrx_word' id='word_1_252' title='bbox 513 2794 568 2832; x_wconf 85' lang='lat' dir='ltr'><strong>vion</strong></span> <span class='ocrx_word' id='word_1_253' title='bbox 590 2777 694 2837; x_wconf 87' lang='lat' dir='ltr'><strong>vident,</strong></span> <span class='ocrx_word' id='word_1_254' title='bbox 718 2784 746 2832; x_wconf 86' lang='lat' dir='ltr'><strong>et</strong></span> <span class='ocrx_word' id='word_1_255' title='bbox 768 2794 847 2832; x_wconf 87' lang='lat' dir='ltr'><strong>aures</strong></span> <span class='ocrx_word' id='word_1_256' title='bbox 869 2775 901 2830; x_wconf 89' lang='lat' dir='ltr'><strong>ad</strong></span> <span class='ocrx_word' id='word_1_257' title='bbox 925 2776 1100 2835; x_wconf 88' lang='lat' dir='ltr'><strong>audiendum,</strong></span> <span class='ocrx_word' id='word_1_258' title='bbox 1124 2784 1152 2831; x_wconf 92' lang='lat' dir='ltr'><strong>ct</strong></span> <span class='ocrx_word' id='word_1_259' title='bbox 1174 2793 1228 2832; x_wconf 87' lang='lat' dir='ltr'><strong>riou</strong></span> <span class='ocrx_word' id='word_1_260' title='bbox 1251 2776 1372 2834; x_wconf 88' lang='lat' dir='ltr'><strong>andiunt.</strong></span> 
     </span>
    </p>

    <p class='ocr_par' dir='ltr' id='par_1_4' title="bbox 513 2856 1837 3277">
     <span class='ocr_line' id='line_1_25' title="bbox 577 2856 1808 2938; baseline -0.006 -17"><span class='ocrx_word' id='word_1_261' title='bbox 577 2856 676 2938; x_wconf 67' lang='grc' dir='ltr'>[ι-ἱίι]</span> <span class='ocrx_word' id='word_1_262' title='bbox 722 2877 771 2917; x_wconf 79' lang='lat' dir='ltr'><strong>nn.</strong></span> <span class='ocrx_word' id='word_1_263' title='bbox 796 2860 992 2916; x_wconf 81' lang='lat' dir='ltr'><strong>Romorienses</strong></span> <span class='ocrx_word' id='word_1_264' title='bbox 1014 2867 1149 2938; x_wconf 79' lang='lat' dir='ltr'><strong>optarent</strong></span> <span class='ocrx_word' id='word_1_265' title='bbox 1176 2877 1289 2932; x_wconf 80' lang='lat' dir='ltr'><strong>semper</strong></span> <span class='ocrx_word' id='word_1_266' title='bbox 1318 2863 1390 2917; x_wconf 85' lang='lat' dir='ltr'><strong>tales</strong></span> <span class='ocrx_word' id='word_1_267' title='bbox 1416 2862 1470 2916; x_wconf 82' lang='lat' dir='ltr'><strong>sili</strong></span> <span class='ocrx_word' id='word_1_268' title='bbox 1498 2861 1609 2929; x_wconf 74' lang='lat' dir='ltr'><strong>donee,</strong></span> <span class='ocrx_word' id='word_1_269' title='bbox 1643 2862 1740 2932; x_wconf 83' lang='lat' dir='ltr'><strong>qualis</strong></span> <span class='ocrx_word' id='word_1_270' title='bbox 1767 2867 1808 2915; x_wconf 85' lang='lat' dir='ltr'><strong>est</strong></span> 
     </span>
     <span class='ocr_line' id='line_1_26' title="bbox 514 2944 1837 3018; baseline 0 -17"><span class='ocrx_word' id='word_1_271' title='bbox 514 2946 668 3001; x_wconf 81' lang='lat' dir='ltr'><strong>Hnttenne.</strong></span> <span class='ocrx_word' id='word_1_272' title='bbox 729 2962 786 3001; x_wconf 80' lang='lat' dir='ltr'><strong>or.</strong></span> <span class='ocrx_word' id='word_1_273' title='bbox 810 2945 878 3000; x_wconf 88' lang='lat' dir='ltr'><strong>Eant</strong></span> <span class='ocrx_word' id='word_1_274' title='bbox 894 2963 961 3017; x_wconf 87' lang='lat' dir='ltr'><strong>ergo</strong></span> <span class='ocrx_word' id='word_1_275' title='bbox 977 2962 1049 2999; x_wconf 83' lang='lat' dir='ltr'><strong>rvunc</strong></span> <span class='ocrx_word' id='word_1_276' title='bbox 1065 2953 1093 2999; x_wconf 90' lang='lat' dir='ltr'><strong>et</strong></span> <span class='ocrx_word' id='word_1_277' title='bbox 1109 2945 1259 3018; x_wconf 87' lang='lat' dir='ltr'><strong>procedant</strong></span> <span class='ocrx_word' id='word_1_278' title='bbox 1273 2965 1334 3002; x_wconf 90' lang='lat' dir='ltr'><strong>cum</strong></span> <span class='ocrx_word' id='word_1_279' title='bbox 1351 2946 1533 3001; x_wconf 78' lang='lat' dir='ltr'><strong>mercimoniis</strong></span> <span class='ocrx_word' id='word_1_280' title='bbox 1549 2944 1621 3006; x_wconf 89' lang='lat' dir='ltr'><strong>suis,</strong></span> <span class='ocrx_word' id='word_1_281' title='bbox 1644 2963 1706 3001; x_wconf 92' lang='lat' dir='ltr'><strong>cum</strong></span> <span class='ocrx_word' id='word_1_282' title='bbox 1723 2944 1804 3000; x_wconf 91' lang='lat' dir='ltr'><strong>bullis</strong></span> <span class='ocrx_word' id='word_1_283' title='bbox 1813 2962 1837 3001; x_wconf 78' lang='lat' dir='ltr'><strong>aa</strong></span> 
     </span>
     <span class='ocr_line' id='line_1_27' title="bbox 513 3029 1806 3104; baseline -0.002 -17"><span class='ocrx_word' id='word_1_284' title='bbox 513 3039 540 3087; x_wconf 88' lang='lat' dir='ltr'><strong>et</strong></span> <span class='ocrx_word' id='word_1_285' title='bbox 562 3030 653 3090; x_wconf 69' lang='lat' dir='ltr'><strong>cieris,</strong></span> <span class='ocrx_word' id='word_1_286' title='bbox 677 3048 737 3086; x_wconf 90' lang='lat' dir='ltr'><strong>enm</strong></span> <span class='ocrx_word' id='word_1_287' title='bbox 760 3048 925 3104; x_wconf 86' lang='lat' dir='ltr'><strong>pergameno</strong></span> <span class='ocrx_word' id='word_1_288' title='bbox 942 3038 968 3085; x_wconf 90' lang='lat' dir='ltr'><strong>ct</strong></span> <span class='ocrx_word' id='word_1_289' title='bbox 984 3029 1111 3104; x_wconf 89' lang='lat' dir='ltr'><strong>plmnbo,</strong></span> <span class='ocrx_word' id='word_1_290' title='bbox 1139 3048 1200 3086; x_wconf 90' lang='lat' dir='ltr'><strong>cnm</strong></span> <span class='ocrx_word' id='word_1_291' title='bbox 1217 3031 1395 3104; x_wconf 77' lang='lat' dir='ltr'><strong>indulgentiis</strong></span> <span class='ocrx_word' id='word_1_292' title='bbox 1411 3040 1438 3086; x_wconf 88' lang='lat' dir='ltr'><strong>et</strong></span> <span class='ocrx_word' id='word_1_293' title='bbox 1453 3029 1714 3104; x_wconf 88' lang='lat' dir='ltr'><strong>dispensationibus,</strong></span> <span class='ocrx_word' id='word_1_294' title='bbox 1738 3047 1806 3103; x_wconf 84' lang='lat' dir='ltr'><strong>prae·</strong></span> 
     </span>
     <span class='ocr_line' id='line_1_28' title="bbox 513 3114 1806 3189; baseline -0.002 -17"><span class='ocrx_word' id='word_1_295' title='bbox 513 3116 650 3187; x_wconf 85' lang='lat' dir='ltr'><strong>stringant</strong></span> <span class='ocrx_word' id='word_1_296' title='bbox 673 3115 768 3172; x_wconf 87' lang='lat' dir='ltr'><strong>oculos</strong></span> <span class='ocrx_word' id='word_1_297' title='bbox 791 3114 870 3171; x_wconf 88' lang='lat' dir='ltr'><strong>nobis</strong></span> <span class='ocrx_word' id='word_1_298' title='bbox 892 3133 952 3171; x_wconf 91' lang='lat' dir='ltr'><strong>cnm</strong></span> <span class='ocrx_word' id='word_1_299' title='bbox 976 3116 1146 3171; x_wconf 88' lang='lat' dir='ltr'><strong>anathemate</strong></span> <span class='ocrx_word' id='word_1_300' title='bbox 1169 3123 1196 3169; x_wconf 93' lang='lat' dir='ltr'><strong>ct</strong></span> <span class='ocrx_word' id='word_1_301' title='bbox 1220 3117 1367 3189; x_wconf 64' lang='lat' dir='ltr'><strong>praestigiis</strong></span> <span class='ocrx_word' id='word_1_302' title='bbox 1383 3115 1453 3178; x_wconf 86' lang='lat' dir='ltr'><strong>suis,</strong></span> <span class='ocrx_word' id='word_1_303' title='bbox 1483 3117 1505 3169; x_wconf 88' lang='lat' dir='ltr'><strong>si</strong></span> <span class='ocrx_word' id='word_1_304' title='bbox 1523 3123 1576 3170; x_wconf 92' lang='lat' dir='ltr'><strong>tam</strong></span> <span class='ocrx_word' id='word_1_305' title='bbox 1592 3115 1659 3170; x_wconf 89' lang='lat' dir='ltr'><strong>nihil</strong></span> <span class='ocrx_word' id='word_1_306' title='bbox 1675 3122 1719 3171; x_wconf 84' lang='lat' dir='ltr'><strong>est</strong></span> <span class='ocrx_word' id='word_1_307' title='bbox 1735 3114 1806 3188; x_wconf 84' lang='lat' dir='ltr'><strong>qnod</strong></span> 
     </span>
     <span class='ocr_line' id='line_1_29' title="bbox 514 3200 1805 3277; baseline -0.003 -21"><span class='ocrx_word' id='word_1_308' title='bbox 514 3201 577 3257; x_wconf 83' lang='lat' dir='ltr'><strong>fecit</strong></span> <span class='ocrx_word' id='word_1_309' title='bbox 600 3200 743 3256; x_wconf 91' lang='lat' dir='ltr'><strong>lluttenus.</strong></span> <span class='ocrx_word' id='word_1_310' title='bbox 769 3200 876 3256; x_wconf 85' lang='lat' dir='ltr'><strong>videant</strong></span> <span class='ocrx_word' id='word_1_311' title='bbox 898 3219 930 3256; x_wconf 88' lang='lat' dir='ltr'><strong>an</strong></span> <span class='ocrx_word' id='word_1_312' title='bbox 955 3201 1077 3277; x_wconf 75' lang='lat' dir='ltr'><strong>pottrcrit</strong></span> <span class='ocrx_word' id='word_1_313' title='bbox 1100 3218 1218 3273; x_wconf 78' lang='lat' dir='ltr'><strong>antiquam</strong></span> <span class='ocrx_word' id='word_1_314' title='bbox 1241 3201 1326 3258; x_wconf 86' lang='lat' dir='ltr'><strong>maior</strong></span> <span class='ocrx_word' id='word_1_315' title='bbox 1341 3209 1369 3256; x_wconf 91' lang='lat' dir='ltr'><strong>et</strong></span> <span class='ocrx_word' id='word_1_316' title='bbox 1383 3200 1521 3255; x_wconf 76' lang='lat' dir='ltr'><strong>crudelior</strong></span> <span class='ocrx_word' id='word_1_317' title='bbox 1535 3201 1621 3273; x_wconf 88' lang='lat' dir='ltr'><strong>pestis</strong></span> <span class='ocrx_word' id='word_1_318' title='bbox 1636 3202 1805 3271; x_wconf 82' lang='lat' dir='ltr'><strong>contingere.</strong></span> 
     </span>
    </p>

    <p class='ocr_par' dir='ltr' id='par_1_5' title="bbox 458 3280 1838 4290">
     <span class='ocr_line' id='line_1_30' title="bbox 578 3280 1807 3362; baseline -0.007 -15"><span class='ocrx_word' id='word_1_319' title='bbox 578 3280 675 3362; x_wconf 60' lang='lat' dir='ltr'><strong>[hm]</strong></span> <span class='ocrx_word' id='word_1_320' title='bbox 721 3303 770 3342; x_wconf 81' lang='lat' dir='ltr'><strong>nn.</strong></span> <span class='ocrx_word' id='word_1_321' title='bbox 802 3285 904 3341; x_wconf 81' lang='lat' dir='ltr'><strong>l&#39;ellem</strong></span> <span class='ocrx_word' id='word_1_322' title='bbox 928 3291 1022 3339; x_wconf 75' lang='lat' dir='ltr'><strong>nectem</strong></span> <span class='ocrx_word' id='word_1_323' title='bbox 1044 3287 1120 3340; x_wconf 70' lang='lat' dir='ltr'><strong>seire</strong></span> <span class='ocrx_word' id='word_1_324' title='bbox 1141 3300 1181 3338; x_wconf 81' lang='lat' dir='ltr'><strong>ear</strong></span> <span class='ocrx_word' id='word_1_325' title='bbox 1204 3286 1330 3341; x_wconf 84' lang='lat' dir='ltr'><strong>Hutteao</strong></span> <span class='ocrx_word' id='word_1_326' title='bbox 1358 3300 1429 3355; x_wconf 82' lang='lat' dir='ltr'><strong>qnos</strong></span> <span class='ocrx_word' id='word_1_327' title='bbox 1455 3287 1574 3352; x_wconf 83' lang='lat' dir='ltr'><strong>sentiat,</strong></span> <span class='ocrx_word' id='word_1_328' title='bbox 1607 3286 1718 3355; x_wconf 80' lang='lat' dir='ltr'><strong>quoties</strong></span> <span class='ocrx_word' id='word_1_329' title='bbox 1740 3285 1807 3339; x_wconf 82' lang='lat' dir='ltr'><strong>dicit</strong></span> 
     </span>
     <span class='ocr_line' id='line_1_31' title="bbox 514 3367 1838 3442; baseline 0 -16"><span class='ocrx_word' id='word_1_330' title='bbox 514 3376 583 3428; x_wconf 79' lang='lat' dir='ltr'><strong>‘nos&#39;</strong></span> <span class='ocrx_word' id='word_1_331' title='bbox 607 3379 634 3426; x_wconf 86' lang='lat' dir='ltr'><strong>et</strong></span> <span class='ocrx_word' id='word_1_332' title='bbox 657 3372 763 3426; x_wconf 85' lang='lat' dir='ltr'><strong>‘nobis&#39;.</strong></span> <span class='ocrx_word' id='word_1_333' title='bbox 832 3387 881 3427; x_wconf 82' lang='lat' dir='ltr'><strong>ou.</strong></span> <span class='ocrx_word' id='word_1_334' title='bbox 906 3371 960 3426; x_wconf 78' lang='lat' dir='ltr'><strong>hisi</strong></span> <span class='ocrx_word' id='word_1_335' title='bbox 984 3387 1026 3425; x_wconf 86' lang='lat' dir='ltr'><strong>inc</strong></span> <span class='ocrx_word' id='word_1_336' title='bbox 1049 3369 1119 3425; x_wconf 83' lang='lat' dir='ltr'><strong>tattit</strong></span> <span class='ocrx_word' id='word_1_337' title='bbox 1142 3370 1282 3429; x_wconf 88' lang='lat' dir='ltr'><strong>iudicium,</strong></span> <span class='ocrx_word' id='word_1_338' title='bbox 1315 3388 1362 3425; x_wconf 90' lang='lat' dir='ltr'><strong>eos</strong></span> <span class='ocrx_word' id='word_1_339' title='bbox 1386 3369 1513 3424; x_wconf 82' lang='lat' dir='ltr'><strong>nimimm</strong></span> <span class='ocrx_word' id='word_1_340' title='bbox 1542 3369 1586 3442; x_wconf 86' lang='lat' dir='ltr'><strong>qui</strong></span> <span class='ocrx_word' id='word_1_341' title='bbox 1611 3367 1705 3424; x_wconf 86' lang='lat' dir='ltr'><strong>volunt</strong></span> <span class='ocrx_word' id='word_1_342' title='bbox 1728 3385 1838 3426; x_wconf 83' lang='lat' dir='ltr'><strong>evan-ao</strong></span> 
     </span>
     <span class='ocr_line' id='line_1_32' title="bbox 513 3452 1806 3528; baseline -0.004 -16"><span class='ocrx_word' id='word_1_343' title='bbox 513 3455 613 3528; x_wconf 84' lang='lat' dir='ltr'><strong>gelinm</strong></span> <span class='ocrx_word' id='word_1_344' title='bbox 637 3455 664 3510; x_wconf 87' lang='lat' dir='ltr'><strong>in</strong></span> <span class='ocrx_word' id='word_1_345' title='bbox 687 3454 774 3512; x_wconf 89' lang='lat' dir='ltr'><strong>lucem</strong></span> <span class='ocrx_word' id='word_1_346' title='bbox 798 3457 905 3514; x_wconf 84' lang='lat' dir='ltr'><strong>venire.</strong></span> <span class='ocrx_word' id='word_1_347' title='bbox 930 3473 980 3509; x_wconf 93' lang='lat' dir='ltr'><strong>nos</strong></span> <span class='ocrx_word' id='word_1_348' title='bbox 1002 3472 1070 3527; x_wconf 90' lang='lat' dir='ltr'><strong>pure</strong></span> <span class='ocrx_word' id='word_1_349' title='bbox 1092 3461 1121 3508; x_wconf 88' lang='lat' dir='ltr'><strong>et</strong></span> <span class='ocrx_word' id='word_1_350' title='bbox 1144 3454 1228 3510; x_wconf 88' lang='lat' dir='ltr'><strong>libere</strong></span> <span class='ocrx_word' id='word_1_351' title='bbox 1250 3454 1358 3510; x_wconf 85' lang='lat' dir='ltr'><strong>Christo</strong></span> <span class='ocrx_word' id='word_1_352' title='bbox 1382 3455 1497 3514; x_wconf 88' lang='lat' dir='ltr'><strong>servire,</strong></span> <span class='ocrx_word' id='word_1_353' title='bbox 1527 3453 1644 3508; x_wconf 90' lang='lat' dir='ltr'><strong>rescindi</strong></span> <span class='ocrx_word' id='word_1_354' title='bbox 1668 3452 1806 3508; x_wconf 84' lang='lat' dir='ltr'><strong>abomina-</strong></span> 
     </span>
     <span class='ocr_line' id='line_1_33' title="bbox 515 3537 1806 3613; baseline -0.002 -18"><span class='ocrx_word' id='word_1_355' title='bbox 515 3541 603 3597; x_wconf 86' lang='lat' dir='ltr'><strong>tiones</strong></span> <span class='ocrx_word' id='word_1_356' title='bbox 626 3540 776 3613; x_wconf 89' lang='lat' dir='ltr'><strong>pontilicis,</strong></span> <span class='ocrx_word' id='word_1_357' title='bbox 808 3540 946 3596; x_wconf 87' lang='lat' dir='ltr'><strong>coherceri</strong></span> <span class='ocrx_word' id='word_1_358' title='bbox 977 3537 1175 3595; x_wconf 87' lang='lat' dir='ltr'><strong>intolerabilem</strong></span> <span class='ocrx_word' id='word_1_359' title='bbox 1200 3539 1393 3613; x_wconf 87' lang='lat' dir='ltr'><strong>impudentiam</strong></span> <span class='ocrx_word' id='word_1_360' title='bbox 1417 3538 1662 3610; x_wconf 85' lang='lat' dir='ltr'><strong>indulgentiarum,</strong></span> <span class='ocrx_word' id='word_1_361' title='bbox 1696 3538 1806 3611; x_wconf 87' lang='lat' dir='ltr'><strong>dispen-</strong></span> 
     </span>
     <span class='ocr_line' id='line_1_34' title="bbox 512 3622 1805 3697; baseline -0.004 -16"><span class='ocrx_word' id='word_1_362' title='bbox 512 3627 663 3687; x_wconf 84' lang='lat' dir='ltr'><strong>sationum,</strong></span> <span class='ocrx_word' id='word_1_363' title='bbox 687 3624 835 3687; x_wconf 90' lang='lat' dir='ltr'><strong>bullarum,</strong></span> <span class='ocrx_word' id='word_1_364' title='bbox 852 3625 1066 3681; x_wconf 85' lang='lat' dir='ltr'><strong>ceremoniarum</strong></span> <span class='ocrx_word' id='word_1_365' title='bbox 1083 3631 1110 3678; x_wconf 89' lang='lat' dir='ltr'><strong>et</strong></span> <span class='ocrx_word' id='word_1_366' title='bbox 1126 3622 1231 3695; x_wconf 87' lang='lat' dir='ltr'><strong>vulgavi</strong></span> <span class='ocrx_word' id='word_1_367' title='bbox 1247 3642 1298 3697; x_wconf 92' lang='lat' dir='ltr'><strong>pro</strong></span> <span class='ocrx_word' id='word_1_368' title='bbox 1315 3623 1367 3679; x_wconf 88' lang='lat' dir='ltr'><strong>hiis</strong></span> <span class='ocrx_word' id='word_1_369' title='bbox 1383 3640 1452 3677; x_wconf 81' lang='lat' dir='ltr'><strong>verm</strong></span> <span class='ocrx_word' id='word_1_370' title='bbox 1468 3624 1555 3678; x_wconf 89' lang='lat' dir='ltr'><strong>studia</strong></span> <span class='ocrx_word' id='word_1_371' title='bbox 1573 3623 1692 3695; x_wconf 86' lang='lat' dir='ltr'><strong>pietatis,</strong></span> <span class='ocrx_word' id='word_1_372' title='bbox 1708 3623 1805 3677; x_wconf 74' lang='lat' dir='ltr'><strong>«livine</strong></span> 
     </span>
     <span class='ocr_line' id='line_1_35' title="bbox 512 3707 1805 3784; baseline -0.003 -19"><span class='ocrx_word' id='word_1_373' title='bbox 512 3710 655 3784; x_wconf 78' lang='lat' dir='ltr'><strong>scripturae</strong></span> <span class='ocrx_word' id='word_1_374' title='bbox 677 3710 772 3765; x_wconf 87' lang='lat' dir='ltr'><strong>cedere</strong></span> <span class='ocrx_word' id='word_1_375' title='bbox 794 3710 920 3782; x_wconf 79' lang='lat' dir='ltr'><strong>dogvrrata</strong></span> <span class='ocrx_word' id='word_1_376' title='bbox 944 3717 971 3763; x_wconf 88' lang='lat' dir='ltr'><strong>ct</strong></span> <span class='ocrx_word' id='word_1_377' title='bbox 994 3708 1138 3782; x_wconf 87' lang='lat' dir='ltr'><strong>opiniones</strong></span> <span class='ocrx_word' id='word_1_378' title='bbox 1161 3709 1314 3770; x_wconf 92' lang='lat' dir='ltr'><strong>hominum,</strong></span> <span class='ocrx_word' id='word_1_379' title='bbox 1344 3707 1450 3782; x_wconf 76' lang='lat' dir='ltr'><strong>explodi</strong></span> <span class='ocrx_word' id='word_1_380' title='bbox 1475 3725 1569 3764; x_wconf 89' lang='lat' dir='ltr'><strong>omnes</strong></span> <span class='ocrx_word' id='word_1_381' title='bbox 1593 3708 1687 3763; x_wconf 86' lang='lat' dir='ltr'><strong>sordes</strong></span> <span class='ocrx_word' id='word_1_382' title='bbox 1711 3717 1739 3762; x_wconf 90' lang='lat' dir='ltr'><strong>et</strong></span> <span class='ocrx_word' id='word_1_383' title='bbox 1761 3724 1805 3762; x_wconf 79' lang='lat' dir='ltr'><strong>ex·</strong></span> 
     </span>
     <span class='ocr_line' id='line_1_36' title="bbox 512 3792 1836 3868; baseline 0 -18"><span class='ocrx_word' id='word_1_384' title='bbox 512 3802 689 3868; x_wconf 89' lang='lat' dir='ltr'><strong>purgamenta</strong></span> <span class='ocrx_word' id='word_1_385' title='bbox 711 3811 844 3849; x_wconf 87' lang='lat' dir='ltr'><strong>canonum</strong></span> <span class='ocrx_word' id='word_1_386' title='bbox 867 3793 1081 3866; x_wconf 84' lang='lat' dir='ltr'><strong>pontilieiovum,</strong></span> <span class='ocrx_word' id='word_1_387' title='bbox 1105 3793 1208 3849; x_wconf 85' lang='lat' dir='ltr'><strong>aboleri</strong></span> <span class='ocrx_word' id='word_1_388' title='bbox 1232 3792 1384 3867; x_wconf 88' lang='lat' dir='ltr'><strong>prostibula</strong></span> <span class='ocrx_word' id='word_1_389' title='bbox 1407 3810 1497 3867; x_wconf 68' lang='lat' dir='ltr'><strong>papae,</strong></span> <span class='ocrx_word' id='word_1_390' title='bbox 1532 3792 1671 3866; x_wconf 78' lang='lat' dir='ltr'><strong>gynrnasia</strong></span> <span class='ocrx_word' id='word_1_391' title='bbox 1694 3800 1723 3847; x_wconf 92' lang='lat' dir='ltr'><strong>et</strong></span> <span class='ocrx_word' id='word_1_392' title='bbox 1744 3809 1836 3850; x_wconf 75' lang='lat' dir='ltr'><strong>aea-³⁵</strong></span> 
     </span>
     <span class='ocr_line' id='line_1_37' title="bbox 511 3876 1805 3952; baseline -0.003 -19"><span class='ocrx_word' id='word_1_393' title='bbox 511 3879 613 3934; x_wconf 88' lang='lat' dir='ltr'><strong>demias</strong></span> <span class='ocrx_word' id='word_1_394' title='bbox 636 3886 663 3932; x_wconf 90' lang='lat' dir='ltr'><strong>et</strong></span> <span class='ocrx_word' id='word_1_395' title='bbox 686 3878 713 3932; x_wconf 89' lang='lat' dir='ltr'><strong>in</strong></span> <span class='ocrx_word' id='word_1_396' title='bbox 737 3877 790 3932; x_wconf 87' lang='lat' dir='ltr'><strong>illis</strong></span> <span class='ocrx_word' id='word_1_397' title='bbox 815 3879 965 3933; x_wconf 87' lang='lat' dir='ltr'><strong>residentes</strong></span> <span class='ocrx_word' id='word_1_398' title='bbox 989 3876 1101 3933; x_wconf 87' lang='lat' dir='ltr'><strong>lenones</strong></span> <span class='ocrx_word' id='word_1_399' title='bbox 1125 3877 1254 3952; x_wconf 78' lang='lat' dir='ltr'><strong>lanasque</strong></span> <span class='ocrx_word' id='word_1_400' title='bbox 1283 3885 1310 3932; x_wconf 87' lang='lat' dir='ltr'><strong>ct</strong></span> <span class='ocrx_word' id='word_1_401' title='bbox 1340 3877 1431 3951; x_wconf 75' lang='lat' dir='ltr'><strong>lunas.</strong></span> <span class='ocrx_word' id='word_1_402' title='bbox 1460 3877 1602 3939; x_wconf 86' lang='lat' dir='ltr'><strong>Thomam‚</strong></span> <span class='ocrx_word' id='word_1_403' title='bbox 1626 3877 1755 3937; x_wconf 73' lang='lat' dir='ltr'><strong>Scotum,</strong></span> <span class='ocrx_word' id='word_1_404' title='bbox 1778 3885 1805 3930; x_wconf 90' lang='lat' dir='ltr'><strong>et</strong></span> 
     </span>
     <span class='ocr_line' id='line_1_38' title="bbox 458 3961 1805 4037; baseline -0.002 -20"><span class='ocrx_word' id='word_1_405' title='bbox 458 3998 460 4002; x_wconf 32' lang='grc' dir='ltr'>ι</span> <span class='ocrx_word' id='word_1_406' title='bbox 512 3961 690 4019; x_wconf 89' lang='lat' dir='ltr'><strong>scholasticos</strong></span> <span class='ocrx_word' id='word_1_407' title='bbox 713 3962 884 4023; x_wconf 86' lang='lat' dir='ltr'><strong>seductores,</strong></span> <span class='ocrx_word' id='word_1_408' title='bbox 907 3962 1038 4034; x_wconf 85' lang='lat' dir='ltr'><strong>evangelii</strong></span> <span class='ocrx_word' id='word_1_409' title='bbox 1062 3980 1241 4037; x_wconf 84' lang='lat' dir='ltr'><strong>oppressores</strong></span> <span class='ocrx_word' id='word_1_410' title='bbox 1261 3971 1288 4018; x_wconf 90' lang='lat' dir='ltr'><strong>et</strong></span> <span class='ocrx_word' id='word_1_411' title='bbox 1304 3963 1499 4036; x_wconf 86' lang='lat' dir='ltr'><strong>seripturarum</strong></span> <span class='ocrx_word' id='word_1_412' title='bbox 1515 3962 1717 4018; x_wconf 86' lang='lat' dir='ltr'><strong>obscuratores.</strong></span> <span class='ocrx_word' id='word_1_413' title='bbox 1755 3961 1805 4015; x_wconf 85' lang='lat' dir='ltr'><strong>hos</strong></span> 
     </span>
     <span class='ocr_line' id='line_1_39' title="bbox 512 4046 1803 4120; baseline 0.004 -21"><span class='ocrx_word' id='word_1_414' title='bbox 512 4046 1803 4120; x_wconf 49' lang='lat' dir='ltr'><strong>mbmmffldmsmmmdmmnwmpMMmffldwNJmmfflmm</strong></span> 
     </span>
     <span class='ocr_line' id='line_1_40' title="bbox 512 4130 1803 4205; baseline -0.002 -19"><span class='ocrx_word' id='word_1_415' title='bbox 512 4132 537 4186; x_wconf 90' lang='lat' dir='ltr'><strong>id</strong></span> <span class='ocrx_word' id='word_1_416' title='bbox 561 4140 603 4187; x_wconf 90' lang='lat' dir='ltr'><strong>est</strong></span> <span class='ocrx_word' id='word_1_417' title='bbox 626 4148 657 4186; x_wconf 80' lang='lat' dir='ltr'><strong>ex</strong></span> <span class='ocrx_word' id='word_1_418' title='bbox 680 4148 764 4205; x_wconf 86' lang='lat' dir='ltr'><strong>grege</strong></span> <span class='ocrx_word' id='word_1_419' title='bbox 787 4130 896 4187; x_wconf 82' lang='lat' dir='ltr'><strong>Christi.</strong></span> <span class='ocrx_word' id='word_1_420' title='bbox 940 4133 1005 4187; x_wconf 78' lang='lat' dir='ltr'><strong>Cum</strong></span> <span class='ocrx_word' id='word_1_421' title='bbox 1028 4141 1119 4203; x_wconf 90' lang='lat' dir='ltr'><strong>autem</strong></span> <span class='ocrx_word' id='word_1_422' title='bbox 1141 4133 1196 4188; x_wconf 91' lang='lat' dir='ltr'><strong>sint</strong></span> <span class='ocrx_word' id='word_1_423' title='bbox 1219 4133 1264 4205; x_wconf 80' lang='lat' dir='ltr'><strong>qm</strong></span> <span class='ocrx_word' id='word_1_424' title='bbox 1289 4133 1344 4188; x_wconf 85' lang='lat' dir='ltr'><strong>haee</strong></span> <span class='ocrx_word' id='word_1_425' title='bbox 1367 4133 1446 4187; x_wconf 90' lang='lat' dir='ltr'><strong>etiam</strong></span> <span class='ocrx_word' id='word_1_426' title='bbox 1471 4132 1645 4205; x_wconf 74' lang='lat' dir='ltr'><strong>irrepugnant,</strong></span> <span class='ocrx_word' id='word_1_427' title='bbox 1679 4140 1707 4186; x_wconf 90' lang='lat' dir='ltr'><strong>tu</strong></span> <span class='ocrx_word' id='word_1_428' title='bbox 1737 4130 1803 4190; x_wconf 87' lang='lat' dir='ltr'><strong>vide,</strong></span> 
     </span>
     <span class='ocr_line' id='line_1_41' title="bbox 511 4216 1836 4290; baseline -0.002 -19"><span class='ocrx_word' id='word_1_429' title='bbox 511 4233 543 4271; x_wconf 80' lang='lat' dir='ltr'><strong>cu</strong></span> <span class='ocrx_word' id='word_1_430' title='bbox 566 4232 682 4290; x_wconf 89' lang='lat' dir='ltr'><strong>quorum</strong></span> <span class='ocrx_word' id='word_1_431' title='bbox 705 4216 829 4290; x_wconf 89' lang='lat' dir='ltr'><strong>partibus</strong></span> <span class='ocrx_word' id='word_1_432' title='bbox 852 4234 923 4273; x_wconf 88' lang='lat' dir='ltr'><strong>nunc</strong></span> <span class='ocrx_word' id='word_1_433' title='bbox 946 4223 1016 4273; x_wconf 90' lang='lat' dir='ltr'><strong>stes:</strong></span> <span class='ocrx_word' id='word_1_434' title='bbox 1039 4225 1114 4273; x_wconf 90' lang='lat' dir='ltr'><strong>certe</strong></span> <span class='ocrx_word' id='word_1_435' title='bbox 1137 4234 1191 4273; x_wconf 90' lang='lat' dir='ltr'><strong>non</strong></span> <span class='ocrx_word' id='word_1_436' title='bbox 1215 4217 1278 4273; x_wconf 92' lang='lat' dir='ltr'><strong>lieet</strong></span> <span class='ocrx_word' id='word_1_437' title='bbox 1301 4216 1450 4289; x_wconf 73' lang='lat' dir='ltr'><strong>neutralem</strong></span> <span class='ocrx_word' id='word_1_438' title='bbox 1473 4224 1500 4270; x_wconf 90' lang='lat' dir='ltr'><strong>et</strong></span> <span class='ocrx_word' id='word_1_439' title='bbox 1523 4216 1639 4272; x_wconf 90' lang='lat' dir='ltr'><strong>medium</strong></span> <span class='ocrx_word' id='word_1_440' title='bbox 1662 4233 1731 4271; x_wconf 89' lang='lat' dir='ltr'><strong>esse.</strong></span> <span class='ocrx_word' id='word_1_441' title='bbox 1813 4233 1836 4270; x_wconf 79' lang='lat' dir='ltr'><strong>io</strong></span> 
     </span>
    </p>

    <p class='ocr_par' dir='ltr' id='par_1_6' title="bbox 509 4297 1833 4801">
     <span class='ocr_line' id='line_1_42' title="bbox 576 4297 1804 4377; baseline -0.007 -16"><span class='ocrx_word' id='word_1_442' title='bbox 576 4297 675 4377; x_wconf 65' lang='lat' dir='ltr'><strong>[hm]</strong></span> <span class='ocrx_word' id='word_1_443' title='bbox 722 4319 769 4361; x_wconf 83' lang='lat' dir='ltr'><strong>nn.</strong></span> <span class='ocrx_word' id='word_1_444' title='bbox 795 4303 907 4359; x_wconf 84' lang='lat' dir='ltr'><strong>Horum</strong></span> <span class='ocrx_word' id='word_1_445' title='bbox 931 4303 1027 4358; x_wconf 74' lang='lat' dir='ltr'><strong>rioilus</strong></span> <span class='ocrx_word' id='word_1_446' title='bbox 1050 4311 1091 4356; x_wconf 84' lang='lat' dir='ltr'><strong>est</strong></span> <span class='ocrx_word' id='word_1_447' title='bbox 1114 4304 1165 4372; x_wconf 72' lang='lat' dir='ltr'><strong>quii</strong></span> <span class='ocrx_word' id='word_1_448' title='bbox 1184 4302 1306 4357; x_wconf 85' lang='lat' dir='ltr'><strong>Hntteni</strong></span> <span class='ocrx_word' id='word_1_449' title='bbox 1325 4310 1447 4357; x_wconf 78' lang='lat' dir='ltr'><strong>coriatus</strong></span> <span class='ocrx_word' id='word_1_450' title='bbox 1465 4303 1584 4372; x_wconf 81' lang='lat' dir='ltr'><strong>probet,</strong></span> <span class='ocrx_word' id='word_1_451' title='bbox 1608 4316 1643 4355; x_wconf 90' lang='lat' dir='ltr'><strong>ne</strong></span> <span class='ocrx_word' id='word_1_452' title='bbox 1665 4302 1728 4372; x_wconf 82' lang='lat' dir='ltr'><strong>ipae</strong></span> <span class='ocrx_word' id='word_1_453' title='bbox 1744 4300 1804 4371; x_wconf 80' lang='lat' dir='ltr'><strong>qni-</strong></span> 
     </span>
     <span class='ocr_line' id='line_1_43' title="bbox 510 4384 1804 4460; baseline -0.002 -19"><span class='ocrx_word' id='word_1_454' title='bbox 510 4389 573 4442; x_wconf 85' lang='lat' dir='ltr'><strong>dem</strong></span> <span class='ocrx_word' id='word_1_455' title='bbox 596 4387 748 4444; x_wconf 76' lang='lat' dir='ltr'><strong>Lntlterna,</strong></span> <span class='ocrx_word' id='word_1_456' title='bbox 816 4406 867 4444; x_wconf 78' lang='grc' dir='ltr'>οἰ.</span> <span class='ocrx_word' id='word_1_457' title='bbox 890 4387 948 4443; x_wconf 90' lang='lat' dir='ltr'><strong>Non</strong></span> <span class='ocrx_word' id='word_1_458' title='bbox 971 4388 1098 4460; x_wconf 88' lang='lat' dir='ltr'><strong>protinus</strong></span> <span class='ocrx_word' id='word_1_459' title='bbox 1121 4386 1220 4442; x_wconf 91' lang='lat' dir='ltr'><strong>malum</strong></span> <span class='ocrx_word' id='word_1_460' title='bbox 1243 4394 1285 4442; x_wconf 88' lang='lat' dir='ltr'><strong>est</strong></span> <span class='ocrx_word' id='word_1_461' title='bbox 1307 4387 1396 4460; x_wconf 89' lang='lat' dir='ltr'><strong>siquid</strong></span> <span class='ocrx_word' id='word_1_462' title='bbox 1420 4403 1473 4441; x_wconf 90' lang='lat' dir='ltr'><strong>non</strong></span> <span class='ocrx_word' id='word_1_463' title='bbox 1497 4385 1530 4440; x_wconf 89' lang='lat' dir='ltr'><strong>ab</strong></span> <span class='ocrx_word' id='word_1_464' title='bbox 1552 4384 1678 4442; x_wconf 91' lang='lat' dir='ltr'><strong>omnibus</strong></span> <span class='ocrx_word' id='word_1_465' title='bbox 1706 4384 1804 4458; x_wconf 84' lang='lat' dir='ltr'><strong>proba·</strong></span> 
     </span>
     <span class='ocr_line' id='line_1_44' title="bbox 510 4469 1802 4547; baseline -0.005 -20"><span class='ocrx_word' id='word_1_466' title='bbox 510 4481 568 4534; x_wconf 82' lang='lat' dir='ltr'><strong>tur:</strong></span> <span class='ocrx_word' id='word_1_467' title='bbox 592 4472 751 4547; x_wconf 78' lang='lat' dir='ltr'><strong>frequenter</strong></span> <span class='ocrx_word' id='word_1_468' title='bbox 766 4473 836 4529; x_wconf 91' lang='lat' dir='ltr'><strong>enim</strong></span> <span class='ocrx_word' id='word_1_469' title='bbox 854 4473 934 4529; x_wconf 89' lang='lat' dir='ltr'><strong>etiam</strong></span> <span class='ocrx_word' id='word_1_470' title='bbox 958 4472 1059 4545; x_wconf 89' lang='lat' dir='ltr'><strong>optima</strong></span> <span class='ocrx_word' id='word_1_471' title='bbox 1081 4470 1241 4544; x_wconf 88' lang='lat' dir='ltr'><strong>displicent:</strong></span> <span class='ocrx_word' id='word_1_472' title='bbox 1265 4472 1331 4526; x_wconf 86' lang='lat' dir='ltr'><strong>satis</strong></span> <span class='ocrx_word' id='word_1_473' title='bbox 1356 4472 1406 4526; x_wconf 88' lang='lat' dir='ltr'><strong>luit</strong></span> <span class='ocrx_word' id='word_1_474' title='bbox 1428 4488 1534 4543; x_wconf 82' lang='lat' dir='ltr'><strong>mqtram</strong></span> <span class='ocrx_word' id='word_1_475' title='bbox 1555 4487 1678 4526; x_wconf 87' lang='lat' dir='ltr'><strong>caussam</strong></span> <span class='ocrx_word' id='word_1_476' title='bbox 1694 4469 1802 4525; x_wconf 84' lang='lat' dir='ltr'><strong>habere.</strong></span> 
     </span>
     <span class='ocr_line' id='line_1_45' title="bbox 509 4555 1802 4632; baseline -0.002 -21"><span class='ocrx_word' id='word_1_477' title='bbox 509 4559 550 4612; x_wconf 83' lang='lat' dir='ltr'><strong>hu</strong></span> <span class='ocrx_word' id='word_1_478' title='bbox 572 4575 637 4613; x_wconf 88' lang='lat' dir='ltr'><strong>vcro</strong></span> <span class='ocrx_word' id='word_1_479' title='bbox 660 4558 796 4614; x_wconf 84' lang='lat' dir='ltr'><strong>Lutherus</strong></span> <span class='ocrx_word' id='word_1_480' title='bbox 819 4556 1026 4632; x_wconf 78' lang='lat' dir='ltr'><strong>improbaverit,</strong></span> <span class='ocrx_word' id='word_1_481' title='bbox 1062 4556 1167 4616; x_wconf 88' lang='lat' dir='ltr'><strong>neseio,</strong></span> <span class='ocrx_word' id='word_1_482' title='bbox 1202 4574 1291 4629; x_wconf 85' lang='lat' dir='ltr'><strong>neque</strong></span> <span class='ocrx_word' id='word_1_483' title='bbox 1314 4556 1456 4611; x_wconf 91' lang='lat' dir='ltr'><strong>admodum</strong></span> <span class='ocrx_word' id='word_1_484' title='bbox 1486 4556 1537 4610; x_wconf 91' lang='lat' dir='ltr'><strong>hoc</strong></span> <span class='ocrx_word' id='word_1_485' title='bbox 1566 4556 1667 4616; x_wconf 81' lang='lat' dir='ltr'><strong>refert:</strong></span> <span class='ocrx_word' id='word_1_486' title='bbox 1702 4555 1802 4609; x_wconf 85' lang='lat' dir='ltr'><strong>maiora</strong></span> 
     </span>
     <span class='ocr_line' id='line_1_46' title="bbox 512 4639 1833 4717; baseline -0.002 -21"><span class='ocrx_word' id='word_1_487' title='bbox 512 4641 550 4697; x_wconf 93' lang='lat' dir='ltr'><strong>illi</strong></span> <span class='ocrx_word' id='word_1_488' title='bbox 574 4641 763 4698; x_wconf 87' lang='lat' dir='ltr'><strong>incumbebant</strong></span> <span class='ocrx_word' id='word_1_489' title='bbox 786 4660 865 4717; x_wconf 88' lang='lat' dir='ltr'><strong>quam</strong></span> <span class='ocrx_word' id='word_1_490' title='bbox 889 4651 918 4697; x_wconf 92' lang='lat' dir='ltr'><strong>ut</strong></span> <span class='ocrx_word' id='word_1_491' title='bbox 940 4659 1044 4698; x_wconf 80' lang='lat' dir='ltr'><strong>caussae</strong></span> <span class='ocrx_word' id='word_1_492' title='bbox 1067 4640 1217 4698; x_wconf 77' lang='lat' dir='ltr'><strong>lluttenicm</strong></span> <span class='ocrx_word' id='word_1_493' title='bbox 1242 4642 1378 4713; x_wconf 86' lang='lat' dir='ltr'><strong>ingereret</strong></span> <span class='ocrx_word' id='word_1_494' title='bbox 1401 4658 1444 4695; x_wconf 89' lang='lat' dir='ltr'><strong>sc:</strong></span> <span class='ocrx_word' id='word_1_495' title='bbox 1475 4639 1562 4694; x_wconf 86' lang='lat' dir='ltr'><strong>literis</strong></span> <span class='ocrx_word' id='word_1_496' title='bbox 1591 4656 1675 4713; x_wconf 88' lang='lat' dir='ltr'><strong>super</strong></span> <span class='ocrx_word' id='word_1_497' title='bbox 1703 4639 1754 4694; x_wconf 84' lang='lat' dir='ltr'><strong>liae</strong></span> <span class='ocrx_word' id='word_1_498' title='bbox 1775 4654 1833 4694; x_wconf 75' lang='lat' dir='ltr'><strong>veta</strong></span> 
     </span>
     <span class='ocr_line' id='line_1_47' title="bbox 511 4724 1696 4801; baseline -0.002 -19"><span class='ocrx_word' id='word_1_499' title='bbox 511 4735 638 4783; x_wconf 83' lang='lat' dir='ltr'><strong>testatum</strong></span> <span class='ocrx_word' id='word_1_500' title='bbox 660 4727 762 4801; x_wconf 87' lang='lat' dir='ltr'><strong>aliquid</strong></span> <span class='ocrx_word' id='word_1_501' title='bbox 785 4746 800 4783; x_wconf 93' lang='lat' dir='ltr'><strong>a</strong></span> <span class='ocrx_word' id='word_1_502' title='bbox 821 4728 940 4782; x_wconf 59' lang='lat' dir='ltr'><strong>liuthero</strong></span> <span class='ocrx_word' id='word_1_503' title='bbox 963 4724 1030 4781; x_wconf 90' lang='lat' dir='ltr'><strong>nihil</strong></span> <span class='ocrx_word' id='word_1_504' title='bbox 1053 4726 1115 4782; x_wconf 87' lang='lat' dir='ltr'><strong>vidi.</strong></span> <span class='ocrx_word' id='word_1_505' title='bbox 1693 4727 1696 4734; x_wconf 84' lang='lat'>&#39;</span> 
     </span>
    </p>
   </div>
   <div class='ocr_carea' id='block_1_3' title="bbox 508 4851 574 4858">
    <p class='ocr_par' dir='ltr' id='par_1_7' title="bbox 508 4851 574 4858">
     <span class='ocr_line' id='line_1_48' title="bbox 508 4851 574 4858; baseline 0.015 -1"><span class='ocrx_word' id='word_1_506' title='bbox 508 4851 574 4858; x_wconf 79' lang='lat'><strong>-—-</strong></span> 
     </span>
    </p>
   </div>
   <div class='ocr_carea' id='block_1_4' title="bbox 507 4904 1799 5130">
    <p class='ocr_par' dir='ltr' id='par_1_8' title="bbox 507 4904 1799 5130">
     <span class='ocr_line' id='line_1_49' title="bbox 577 4904 1798 4974; baseline -0.003 -17"><span class='ocrx_word' id='word_1_507' title='bbox 577 4909 583 4941; x_wconf 94' lang='lat'><strong>¹</strong></span> <span class='ocrx_word' id='word_1_508' title='bbox 604 4909 744 4974; x_wconf 81' lang='lat' dir='ltr'><strong>iugulatos</strong></span> <span class='ocrx_word' id='word_1_509' title='bbox 757 4910 898 4959; x_wconf 83' lang='lat' dir='ltr'><strong>existimat</strong></span> <span class='ocrx_word' id='word_1_510' title='bbox 910 4911 1007 4974; x_wconf 75' lang='lat' dir='ltr'><strong>Sponp.</strong></span> <span class='ocrx_word' id='word_1_511' title='bbox 1021 4916 1045 4958; x_wconf 86' lang='lat' dir='ltr'><strong>et</strong></span> <span class='ocrx_word' id='word_1_512' title='bbox 1060 4912 1086 4959; x_wconf 79' lang='grc'><strong>3.</strong></span> <span class='ocrx_word' id='word_1_513' title='bbox 1101 4911 1201 4966; x_wconf 79' lang='lat' dir='ltr'><strong>rectius,</strong></span> <span class='ocrx_word' id='word_1_514' title='bbox 1221 4910 1270 4958; x_wconf 79' lang='lat' dir='ltr'><strong>nisi</strong></span> <span class='ocrx_word' id='word_1_515' title='bbox 1286 4910 1369 4958; x_wconf 81' lang='lat' dir='ltr'><strong>addua</strong></span> <span class='ocrx_word' id='word_1_516' title='bbox 1387 4908 1433 4972; x_wconf 85' lang='lat' dir='ltr'><strong>qui</strong></span> <span class='ocrx_word' id='word_1_517' title='bbox 1452 4906 1481 4956; x_wconf 86' lang='lat' dir='ltr'><strong>in</strong></span> <span class='ocrx_word' id='word_1_518' title='bbox 1494 4906 1564 4956; x_wconf 85' lang='lat' dir='ltr'><strong>alios</strong></span> <span class='ocrx_word' id='word_1_519' title='bbox 1616 4904 1756 4955; x_wconf 81' lang='lat' dir='ltr'><strong>⁵nastete</strong></span> <span class='ocrx_word' id='word_1_520' title='bbox 1776 4907 1798 4953; x_wconf 88' lang='grc'><strong>1.</strong></span> 
     </span>
     <span class='ocr_line' id='line_1_50' title="bbox 507 4990 1799 5057; baseline -0.005 -13"><span class='ocrx_word' id='word_1_521' title='bbox 507 4998 665 5044; x_wconf 71' lang='lat' dir='ltr'><strong>restored.</strong></span> <span class='ocrx_word' id='word_1_522' title='bbox 718 4994 827 5043; x_wconf 83' lang='lat' dir='ltr'><strong>⁷leser.</strong></span> <span class='ocrx_word' id='word_1_523' title='bbox 841 5001 866 5041; x_wconf 89' lang='lat' dir='ltr'><strong>nt</strong></span> <span class='ocrx_word' id='word_1_524' title='bbox 885 4993 1064 5045; x_wconf 84' lang='lat' dir='ltr'><strong>enteeledere</strong></span> <span class='ocrx_word' id='word_1_525' title='bbox 1080 4999 1104 5044; x_wconf 88' lang='lat'><strong>1.</strong></span> <span class='ocrx_word' id='word_1_526' title='bbox 1157 4994 1179 5025; x_wconf 78' lang='lat'><strong>¹⁶</strong></span> <span class='ocrx_word' id='word_1_527' title='bbox 1198 4993 1269 5043; x_wconf 87' lang='lat' dir='ltr'><strong>ceris</strong></span> <span class='ocrx_word' id='word_1_528' title='bbox 1284 4996 1309 5041; x_wconf 83' lang='lat'><strong>3.</strong></span> <span class='ocrx_word' id='word_1_529' title='bbox 1361 4991 1384 5024; x_wconf 73' lang='lat'><strong>’²</strong></span> <span class='ocrx_word' id='word_1_530' title='bbox 1402 4993 1592 5057; x_wconf 84' lang='lat' dir='ltr'><strong>perstringant</strong></span> <span class='ocrx_word' id='word_1_531' title='bbox 1606 4993 1632 5041; x_wconf 82' lang='lat'><strong>3.</strong></span> <span class='ocrx_word' id='word_1_532' title='bbox 1685 4990 1707 5022; x_wconf 78' lang='lat'><strong>⁸³</strong></span> <span class='ocrx_word' id='word_1_533' title='bbox 1727 4991 1799 5039; x_wconf 72' lang='lat' dir='ltr'><strong>eoir-</strong></span> 
     </span>
     <span class='ocr_line' id='line_1_51' title="bbox 508 5077 1306 5130; baseline -0.001 -3"><span class='ocrx_word' id='word_1_534' title='bbox 508 5079 565 5128; x_wconf 87' lang='lat' dir='ltr'><strong>eeri</strong></span> <span class='ocrx_word' id='word_1_535' title='bbox 585 5081 611 5128; x_wconf 79' lang='lat'><strong>3.</strong></span> <span class='ocrx_word' id='word_1_536' title='bbox 664 5077 804 5128; x_wconf 70' lang='lat' dir='ltr'><strong>³⁴cerem.</strong></span> <span class='ocrx_word' id='word_1_537' title='bbox 826 5081 851 5126; x_wconf 80' lang='lat'><strong>3.</strong></span> <span class='ocrx_word' id='word_1_538' title='bbox 904 5081 939 5129; x_wconf 91' lang='lat' dir='ltr'><strong>iis</strong></span> <span class='ocrx_word' id='word_1_539' title='bbox 959 5081 984 5127; x_wconf 84' lang='grc'><strong>3.</strong></span> <span class='ocrx_word' id='word_1_540' title='bbox 1037 5078 1260 5130; x_wconf 67' lang='lat' dir='ltr'><strong>llAcademicus</strong></span> <span class='ocrx_word' id='word_1_541' title='bbox 1280 5080 1306 5127; x_wconf 81' lang='lat'><strong>3.</strong></span> 
     </span>
    </p>
   </div>
   <div class='ocr_carea' id='block_1_5' title="bbox 0 0 2188 6084">
    <p class='ocr_par' dir='ltr' id='par_1_9' title="bbox 0 0 2188 6084">
     <span class='ocr_line' id='line_1_52' title="bbox 0 0 2188 6084; baseline 0 2"><span class='ocrx_word' id='word_1_542' title='bbox 0 0 2188 6084; x_wconf 95' lang='lat' dir='ltr'><strong> </strong></span> 
     </span>
    </p>
   </div>
  </div>
 </body>
</html>
