4367 6084
518 700 590 778 362
629 719 811 772 CCCXXXX.
830 735 866 772 nx
879 734 975 773 rosen.
988 736 1143 773 caunasnu
1157 738 1222 774 vrrs
1237 738 1415 775 uentncnru.
1430 711 1550 775 nvrrasss
1567 738 1761 776 uouemere.

516 904 584 970 quot
602 898 663 953 dies
682 895 871 968 familiariter
892 913 954 952 sum
984 904 1130 964 uersatus,
1159 899 1310 954 decedente
1334 914 1374 953 ea
1402 900 1470 953 aula
1492 897 1677 969 Mopuutina,
1705 899 1735 952 iu
1754 915 1809 969 aaa

515 984 632 1040 circiter
652 983 795 1037 biennium
818 988 973 1036 manserat.
1014 983 1155 1038 Adiunxit
1175 985 1276 1039 deinde
1298 999 1328 1040 se
1349 985 1508 1039 Francisco
1531 982 1722 1056 Sicciupensi,
1746 1001 1808 1037 cum

516 1068 628 1139 quddam
646 1072 674 1121 et
693 1072 779 1121 antea
798 1067 960 1136 implicatus
978 1065 1084 1137 fuisset
1105 1070 1194 1122 motui
1215 1068 1327 1135 bellico,
1349 1084 1430 1139 arcem
1450 1066 1565 1138 fecerat
1585 1070 1614 1122 in
1635 1085 1707 1140 apra
1735 1068 1808 1122 Wir·

516 1152 699 1233 teuberpcnsi
720 1150 876 1206 Huttenica
909 1168 961 1207 eus
981 1150 1135 1222 interfecto
1152 1155 1294 1224 populari
1318 1153 1358 1208 ibi
1378 1154 1499 1224 quodam
1526 1168 1595 1219 suo,
1623 1161 1650 1208 et
1673 1155 1718 1207 rei
1738 1155 1808 1208 miti·

515 1238 588 1292 laris
608 1236 731 1290 studium
751 1252 817 1306 prae
837 1251 867 1291 se
886 1235 982 1307 ferret
1000 1243 1028 1291 ct
1045 1245 1273 1308 repraesentante
1291 1252 1322 1291 se
1342 1240 1464 1309 inopine
1484 1245 1598 1293 firmata
1616 1239 1829 1293 aesimedes

514 1324 679 1376 luctaretur.
724 1321 848 1375 Tandem
870 1321 916 1376 bic
934 1330 1080 1392 postremo
1099 1325 1198 1393 prauis
1219 1324 1337 1394 querela
1359 1324 1466 1393 scripto
1483 1330 1585 1378 contra
1600 1322 1635 1377 1).
1652 1323 1807 1377 Erasmum

516 1407 740 1477 lloterorlamum
761 1407 849 1468 edito.
878 1407 955 1476 quod
981 1407 1027 1460 ille
1045 1423 1153 1477 parum
1176 1423 1247 1462 sane
1267 1409 1344 1462 molli
1360 1408 1480 1478 sponpia
1504 1408 1668 1479 absterperc
1690 1409 1807 1475 studuit,

515 1509 571 1546 riou
591 1491 749 1560 proculab
772 1491 841 1544 urbe
859 1490 998 1563 Tipurina
1021 1492 1127 1546 morbis
1148 1491 1297 1563 confectus
1318 1493 1420 1563 quibus
1432 1489 1634 1562 frequentibus
1648 1499 1676 1545 et
1691 1493 1809 1546 acribus

514 1577 711 1638 laboraverat,
729 1582 845 1630 mortem
865 1576 931 1630 abiit
946 1591 1037 1630 arrrtos
1052 1583 1138 1631 natus
1155 1581 1235 1628 XXX
1239 1581 1288 1629 VI.
1327 1578 1396 1632 Fuit
1415 1577 1559 1631 mobilitate
1575 1585 1603 1631 ct
1617 1578 1703 1632 laude
1723 1591 1807 1648 pene·

514 1664 556 1717 ris
571 1661 683 1729 antiqui
695 1660 827 1730 inprimis
841 1661 948 1726 clarus,
964 1661 1103 1715 doctrinae
1114 1661 1235 1715 eruditu
1248 1663 1394 1732 princeps,
1409 1662 1672 1732 impatientissimus
1685 1661 1806 1715 iniuria·
1818 1673 1842 1713 te

514 1762 595 1810 rum,
615 1745 754 1800 libertatis
773 1745 920 1801 immodice
933 1746 1070 1815 cupidae,
1094 1763 1151 1800 nort
1170 1762 1294 1815 prorsus
1316 1747 1427 1802 alienus
1449 1763 1467 1800 a
1489 1746 1612 1811 sectilia,
1637 1761 1701 1817 quae
1722 1747 1807 1800 etiam

514 1833 608 1887 uultus
631 1830 785 1892 acerbitate
807 1836 835 1884 et
856 1830 949 1884 minus
969 1831 1104 1884 clemente
1126 1822 1269 1886 interdum
1290 1832 1419 1886 oratione
1446 1830 1636 1885 indicabatur.
1679 1829 1740 1886 Sed
1759 1843 1807 1883 ne-

513 1931 567 1987 que
590 1931 674 1984 opum
703 1914 880 1969 abundantia
908 1930 1000 1985 neque
1020 1916 1166 1984 eorporis,
1195 1916 1224 1967 in
1245 1932 1301 1987 quo
1322 1916 1472 1970 admodum
1493 1915 1599 1985 pusillo
1620 1920 1706 1987 alque
1724 1914 1811 1969 debili

512 2006 606 2055 inerat
627 2000 740 2054 aniurus
761 2000 860 2070 iupcns
880 2016 915 2055 ac
935 1997 1040 2070 ferox,
1061 1999 1168 2055 viribus
1185 2000 1310 2070 pollens:
1331 2005 1362 2055 ut
1383 2001 1417 2055 de
1438 2014 1470 2073 eo
1492 1999 1562 2054 mibi
1578 2014 1655 2071 saepe
1678 2001 1706 2053 in
1731 2012 1809 2053 men-

512 2094 566 2141 tem
591 2085 699 2139 verterit
719 2098 851 2139 uersuum
872 2085 974 2155 quibus
990 2083 1174 2155 perhibetur,
1198 2087 1223 2139 si
1243 2080 1457 2156 respondissent
1479 2085 1552 2140 eires
1571 2091 1657 2157 alque
1675 2085 1807 2152 potentia
1820 2096 1844 2136 ss

512 2169 710 2225 demosthenis
729 2172 878 2240 proposito
905 2176 932 2223 et
957 2170 1094 2235 solertiae,
1123 2185 1270 2239 utinquam
1297 2167 1390 2240 fuisse
1415 2167 1549 2240 futurum
1579 2177 1610 2224 ut
1637 2171 1666 2222 ia
1692 2168 1810 2223 Graecia

510 2271 621 2310 summa
641 2269 738 2310 rerum
756 2257 901 2324 potiretur
922 2253 1058 2308 Macedo:
1078 2269 1146 2308 uam
1168 2255 1195 2307 si
1214 2253 1333 2309 consilia
1354 2261 1382 2309 et
1400 2261 1520 2309 conatus
1540 2251 1663 2309 Halteui
1682 2269 1741 2308 nort
1760 2255 1809 2308 de·

509 2339 648 2411 fecissent
677 2340 762 2409 attasi
787 2339 869 2394 nerui
896 2340 1047 2408 copiarum
1076 2344 1163 2409 atque
1190 2339 1340 2408 potentiae,
1370 2340 1427 2394 iam
1454 2344 1512 2394 tum
1541 2338 1659 2393 mutatio
1680 2341 1809 2392 omnium

512 2440 610 2479 rerum
633 2424 774 2479 extitisset
796 2430 823 2479 et
851 2424 936 2493 quasi
957 2423 1034 2477 orbis
1060 2428 1154 2477 status
1176 2423 1286 2493 puleci
1308 2420 1415 2492 fuisset
1441 2436 1604 2479 conuersus.
1648 2422 1688 2476 Et
1707 2423 1809 2478 dolore

511 2515 605 2563 autem
636 2515 693 2562 tum
723 2506 853 2578 Pbilippi
869 2505 1099 2562 Melancbtbonis
1126 2523 1161 2561 ac
1188 2512 1285 2562 nostro
1313 2512 1341 2562 el
1366 2508 1561 2579 deploratione
1589 2522 1701 2578 quoque
1730 2505 1847 2562 erotem

511 2594 596 2664 quaesi
613 2595 687 2647 iusta
705 2590 789 2662 facta
812 2600 879 2647 sunt
903 2591 1040 2654 Hancne,
1071 2592 1162 2662 deqrte
1189 2607 1221 2646 ca
1255 2593 1284 2646 iu
1306 2593 1408 2647 itinere
1430 2607 1529 2648 uersus
1552 2609 1570 2645 a
1592 2592 1671 2645 nabis
1691 2607 1810 2662 compo-

461 2679 462 2683 ’
509 2679 558 2731 siti
577 2683 605 2731 el
627 2674 750 2747 refutati
767 2677 883 2749 quidam
905 2682 1047 2730 mortuum
1066 2677 1238 2732 lacerantes.
1282 2678 1311 2731 in
1340 2676 1442 2749 quibus
1464 2693 1528 2732 cum
1550 2674 1705 2731 luscinias
1727 2677 1809 2747 quis-

509 2841 712 2849 ..φ-

509 2942 647 2995 Francus,
666 2941 762 2992 ordine
782 2956 878 3005 eques,
903 2943 1016 3006 ingenio
1035 2943 1170 2992 acerrimo
1189 2946 1217 2992 et
1236 2943 1327 2992 auimo
1351 2941 1597 3003 confidentissimo,
1627 2940 1718 2990 literis
1743 2956 1807 3005 per-

509 3041 590 3090 quam
610 3027 746 3086 eruditus,
768 3032 796 3074 et.
813 3026 959 3092 litigantes
978 3027 1127 3075 monaches
1147 3042 1207 3076 curn
1228 3026 1371 3092 Capnione
1390 3027 1468 3077 varie
1488 3025 1657 3092 exagitavit,
1679 3029 1708 3073 ct
1726 3023 1808 3074 illam

509 3111 661 3160 factionem
679 3118 735 3160 turn
754 3112 862 3176 quidem
881 3110 1133 3159 vehementissimis
1151 3111 1276 3176 scriptis,
1296 3111 1344 3160 sed
1363 3111 1506 3174 aliquanto
1524 3115 1586 3175 post
1600 3109 1683 3158 armis
1696 3123 1808 3174 quoque

509 3196 645 3260 expeditis
658 3196 770 3245 adortus
785 3204 835 3245 est.
855 3196 944 3244 liuius
958 3200 1000 3244 cst
1013 3211 1125 3244 carmen
1138 3194 1303 3260 triumphale
1316 3193 1598 3244 victoria-‚Reuchlini
1616 3210 1678 3244 eum
1691 3194 1808 3258 pictura

509 3282 594 3330 etiam
619 3281 647 3329 in
670 3280 744 3330 illius
769 3279 983 3345 conspirationis
1006 3296 1119 3344 gregem
1144 3280 1357 3342 contumeliosa,
1382 3279 1429 3328 ubi
1453 3295 1523 3328 unco
1541 3278 1662 3328 trabitur
1681 3277 1806 3342 quidam,

509 3366 554 3429 qui
580 3380 641 3415 cum
660 3364 765 3415 ludisus
789 3364 937 3428 aliquando
962 3364 1075 3425 suisset,
1107 3379 1184 3413 stram
1208 3379 1320 3428 operam
1344 3364 1372 3412 in
1395 3365 1537 3429 Capnione
1567 3362 1694 3412 laedendo
1716 3353 1807 3425 atque

510 3449 674 3510 evertendo,
701 3450 864 3499 conductam
888 3449 964 3497 illam
988 3449 1097 3512 quidem
1122 3463 1236 3512 magrra,
1261 3455 1291 3497 ut
1315 3448 1492 3506 credebatur,
1524 3448 1645 3512 pecunia
1667 3445 1805 3496 dedisset.

507 3531 517 3564 ⁴
536 3532 673 3599 populari]
694 3535 797 3583 Ioanne
817 3535 940 3583 Huttcuo
958 3533 1094 3582 Ludoviai
1113 3533 1132 3582 f.
1187 3531 1207 3562 ¹⁵
1225 3530 1362 3598 versuum]
1381 3532 1491 3582 unstrot.
1506 3532 1595 3582 Grae.
1610 3531 1643 3580 V.
1659 3529 1692 3593 l.,
1707 3528 1753 3581 33

506 3650 559 3686 nar
1147 3650 1171 3701 1ο

857 3755 998 3803 Cmnerarii
1014 3757 1168 3817 epiqraunua
1185 3754 1232 3801 boc
1250 3768 1305 3801 esse
1324 3755 1449 3816 adparet:

814 3837 1056 3887 HVLDERICHO
1075 3837 1249 3886 HVTTENO
1269 3837 1351 3898 EQV.
1371 3836 1481 3886 GERM.

658 3938 815 3998 Nobilibus,
836 3938 859 3986 si
879 3953 933 4001 qua
952 3942 994 3987 est
1013 3954 1047 3986 ea
1064 3937 1139 3997 iaus,
1160 3937 1302 3987 natalibus
1320 3943 1404 3999 ortus,

709 4023 839 4070 liuttense
859 4022 962 4085 insigni
981 4027 1127 4071 stemmate
1147 4022 1240 4085 gentis
1258 4037 1350 4086 eques,

658 4107 763 4159 Parvus
783 4111 811 4154 et
829 4122 904 4170 aeger
917 4122 1005 4166 cram,
1025 4106 1073 4155 sed
1092 4122 1169 4155 mens
1187 4107 1347 4170 ingentibus
1367 4110 1443 4156 ausis

606 4198 618 4238 t
707 4191 840 4240 Pensavit
857 4191 931 4239 vires
950 4191 1073 4255 eorporis
1093 4191 1216 4255 exiguam.

658 4277 726 4337 Quia
744 4290 794 4324 sua
813 4275 846 4325 de
864 4262 964 4339 phagin
982 4276 1107 4326 Francos
1125 4276 1217 4325 media
1235 4276 1308 4325 inter
1326 4281 1354 4325 et
1372 4274 1487 4324 Hessos

708 4361 825 4410 Nomina
844 4360 942 4422 habet,
961 4361 1041 4410 nobis
1060 4362 1153 4425 patries
1171 4365 1246 4409 terra
1265 4360 1332 4409 fuit:

627 4467 633 4479 ·
657 4448 796 4508 Quantum
815 4460 850 4494 ea
868 4445 903 4494 ab
922 4445 1047 4495 Helvetii
1066 4446 1208 4495 disiuncta
1227 4449 1270 4493 est
1287 4443 1381 4493 littore
1395 4444 1497 4503 Rheni,

606 4542 619 4581 s
707 4531 793 4596 Rupit
811 4530 857 4578 ubi
876 4531 941 4580 vitra
959 4531 1079 4579 stamina
1098 4532 1189 4580 Parca
1208 4544 1284 4585 mcae,

655 4617 733 4665 Nunc
753 4616 832 4664 iaceo
851 4615 946 4664 aetatis
964 4615 1080 4664 ‹ieeurso
1100 4619 1220 4679 ternpore
1239 4612 1344 4677 primae,

706 4701 761 4748 Hic
780 4700 826 4748 urbi
847 4704 980 4763 congesta
998 4715 1067 4748 saxa
1085 4698 1213 4749 levantur
1231 4697 1320 4746 humo.

656 4784 769 4833 Artibus
789 4789 817 4833 et
835 4783 935 4832 studiis
953 4785 1091 4833 Musarum
1112 4782 1237 4832 excultus
1255 4781 1379 4830 honestis

597 4879 619 4917 tt
708 4869 825 4918 Miretur
842 4869 955 4917 Latium
975 4883 1035 4932 quoe
1054 4882 1162 4932 quoque
1181 4867 1287 4930 scripta
1305 4865 1378 4916 dedi.

706 5035 716 5066 ⁸
734 5038 814 5084 mea‘l
832 5040 857 5084 2.
