4367 6084
411 722 593 774 CCCXXXX.
612 738 647 773 ex
660 736 755 774 loten.
770 736 924 774 censensu
939 734 1004 771 vrrs
1019 733 1197 772 usnsucuru.
1212 733 1332 769 nvrrnu.
1345 731 1424 768 couc.
1439 730 1535 767 nocue.
1567 698 1635 771 361

866 974 1132 1050 CCCXXXX.

742 1150 965 1207 concurrere
984 1131 1250 1206 cancerosus

514 1287 550 1341 Et
574 1288 700 1342 uenimus
720 1287 844 1357 Lipsiom
868 1288 989 1357 quodie
1017 1286 1082 1340 olriit
1110 1291 1226 1339 mortem
1249 1283 1352 1338 Petrus
1375 1281 1565 1348 Masclianae,
1594 1280 1646 1351 qui

348 1387 475 1443 corpore
495 1370 598 1442 suerat
622 1371 817 1442 perimbecillo
843 1379 869 1425 ct
894 1388 1005 1440 pareo,
1036 1387 1101 1424 cum
1122 1370 1233 1441 inpenio
1264 1375 1291 1421 et
1317 1366 1477 1422 eruditione
1505 1366 1643 1421 doctrines

325 1457 514 1512 ⁵eacellerct.
561 1457 605 1510 Ad
631 1471 694 1510 eum
722 1457 885 1511 morientem
916 1456 1088 1509 accessimus
1106 1454 1258 1525 Philippus
1288 1459 1315 1507 ct
1343 1468 1419 1525 epo:
1438 1460 1465 1507 et
1488 1451 1541 1506 loc
1565 1451 1642 1505 luctu

348 1543 428 1597 tristi
447 1541 606 1610 acerbeque
626 1556 724 1595 sumus
747 1540 861 1609 collecti,
889 1541 935 1594 ille
958 1541 1048 1594 amico
1069 1538 1191 1603 eximio,
1218 1554 1269 1609 epo
1294 1538 1443 1592 carissimo
1461 1540 1643 1607 praeceptore

327 1689 329 1691 ¹
348 1627 485 1695 deinceps
506 1626 662 1680 cariturus.
708 1625 782 1679 Erat
805 1624 930 1679 Nesseno
954 1624 1119 1679 ueniendum
1139 1624 1226 1678 cerlis
1244 1622 1278 1676 de
1300 1623 1396 1676 causis
1419 1617 1643 1691 Francofortum

350 1711 390 1764 ad
411 1708 537 1764 silenum.
581 1708 655 1764 Illuc
681 1710 768 1780 ipitur
794 1708 919 1779 primum
942 1724 1041 1763 snmus
1063 1706 1193 1778 profecti
1211 1713 1238 1761 ct
1265 1707 1377 1776 accepti
1397 1705 1568 1776 tractatique
1586 1721 1644 1775 pu·

349 1795 421 1850 lrlice
435 1793 628 1864 priuatimque
642 1793 770 1865 officiose
784 1800 812 1848 el
826 1793 952 1866 benipne.
980 1792 1065 1847 .Cum
1082 1798 1175 1847 uectem
1194 1791 1246 1845 lroc
1262 1793 1363 1845 itincre
1376 1791 1534 1862 placuisset
1548 1797 1644 1844 trans·

314 1887 340 1926 ¹⁰
351 1882 395 1934 ire
416 1879 559 1949 cepionem
580 1893 642 1932 eam
664 1880 712 1934 cui
732 1893 833 1933 nomen
853 1876 919 1949 [cipi
936 1877 1115 1932 Buelroniam
1131 1875 1279 1946 fecerunt,
1309 1876 1465 1930 mansimus
1487 1891 1573 1929 unam
1596 1891 1645 1928 no·

350 1971 424 2018 clem
450 1962 564 2029 Fuldce,
588 1962 638 2018 ubi
658 1970 716 2019 tum
740 1962 843 2017 Crotus
865 1962 1017 2018 Ruliarms
1037 1969 1065 2015 et
1088 1962 1215 2016 Adamas
1239 1961 1325 2016 Crato
1344 1959 1500 2034 depetunt:
1523 1960 1573 2030 qui
1594 1958 1644 2014 ad-

354 2054 437 2103 ventu
457 2052 555 2102 nostro
575 2047 674 2118 affecti
695 2064 798 2119 mapno
818 2048 923 2119 paudio
945 2047 1040 2101 omnio
1062 2045 1249 2100 humanitatis
1270 2052 1305 2099 ct>
1318 2033 1519 2115 hospitalitatis
1547 2042 1645 2114 ospicia

349 2132 468 2203 prolixe
489 2131 568 2187 nobis
586 2135 796 2201 preestitcrunt.
841 2130 887 2185 Ibi
913 2132 996 2185 ctiam
1023 2132 1097 2185 certi
1120 2131 1230 2200 aliquid
1255 2131 1381 2199 primum
1408 2129 1590 2198 capnom'mus
1611 2129 1646 2183 de

354 2222 444 2271 morte
468 2215 577 2270 lllriclti
597 2214 732 2283 Huttenl,
751 2232 833 2287 quem
855 2222 886 2270 ul
909 2217 999 2270 eitum
1022 2216 1119 2286 mapni
1136 2214 1238 2285 facere
1259 2220 1286 2268 et
1306 2215 1449 2269 admirari
1460 2220 1582 2284 propter
1597 2214 1645 2267 do·

318 2303 456 2356 suculam
478 2301 665 2355 eruditionem
688 2307 715 2356 et
734 2301 934 2371 praestantiam
954 2301 1073 2371 inpenii‚
1096 2300 1137 2353 sic
1162 2298 1197 2351 ab
1218 2299 1294 2353 illius
1313 2306 1420 2353 notura
1440 2298 1599 2352 crekemente
1620 2301 1647 2350 et

353 2386 469 2440 excelso
491 2385 587 2439 animo
606 2392 634 2439 et
658 2386 800 2440 uoluntate
823 2387 862 2440 acl
882 2400 971 2439 novus
995 2399 1043 2439 res
1061 2398 1223 2454 propensa,
1252 2399 1337 2453 priam
1360 2384 1535 2438 consuetudo
1561 2381 1646 2437 eliam

354 2468 534 2541 quorundam
552 2469 813 2525 immoderatiorum
837 2470 987 2533 incitarat,
1009 2467 1138 2524 nortrriliil
1158 2468 1257 2522 timere
1271 2468 1367 2538 Philip
1390 2483 1435 2520 um
1451 2464 1646 2522 Melanchtlto-

355 2570 418 2607 nem
439 2553 519 2608 licuit
534 2555 771 2609 animadvertere.
817 2553 1026 2608 Intercessere!
1048 2552 1175 2607 Hutteno
1204 2569 1267 2606 cum
1290 2552 1344 2607 Cro
1394 2551 1526 2608 Rnliano
1550 2551 1647 2622 unqu-

354 2637 428 2692 laris
449 2653 518 2692 usus
539 2657 557 2692 a
576 2640 675 2709 prima
697 2638 902 2704 adolescentia,
933 2655 988 2708 quo
1016 2643 1118 2693 autore
1147 2637 1189 2691 uel
1214 2644 1291 2691 certe
1314 2638 1444 2691 adiutore
1465 2636 1580 2707 reliquit
1601 2635 1648 2689 ille

319 2735 347 2771 2⁰
358 2723 576 2777 contubernium
596 2723 778 2789 Fuldanum,
799 2724 828 2777 in
850 2724 927 2793 quod
943 2737 1020 2793 pene
1037 2736 1114 2792 puer
1136 2721 1227 2792 mapis
1248 2721 1406 2792 disciplinae
1427 2736 1513 2791 quum
1536 2718 1647 2791 relipio·

356 2809 402 2861 nis
422 2821 526 2862 caussa
548 2808 634 2862 dotus
652 2811 739 2873 esset,
763 2814 791 2861 et
813 2806 956 2863 Coloniam
978 2807 1167 2878 Aprippinom
1189 2806 1229 2859 ad
1248 2807 1420 2875 optimarum
1443 2807 1549 2860 artium
1569 2809 1597 2859 et
1615 2805 1648 2859 li-

356 2898 486 2946 lerarum
515 2893 611 2947 studia
633 2893 811 2962 percolenda
836 2889 988 2962 profectus
1017 2896 1067 2944 est.
1109 2891 1213 2945 Postea
1244 2891 1318 2945 venit
1349 2891 1378 2944 in
1407 2889 1552 2957 ltaliam„
1574 2889 1649 2942 unde

356 2990 421 3029 eum
443 2982 631 3031 reuertentem
652 2977 681 3030 in
701 2978 801 3045 patria
825 2991 887 3030 mea
905 2977 1031 3046 primum
1054 2974 1113 3029 eidi
1134 2991 1209 3029 anno
1232 2974 1351 3041 Christi,
1375 2979 1406 3030 ut
1428 2975 1587 3029 meminisse
1610 2971 1649 3027 oi·

356 3060 441 3123 deor,
464 3063 502 3112 M.
511 3063 578 3113 M
583 3065 650 3114 Vll.
697 3059 863 3116 Celebralal
884 3067 977 3115 autem
997 3059 1080 3130 sama
1101 3075 1156 3113 non
1180 3059 1365 3113 eruditionem
1389 3057 1471 3114 modo
1490 3060 1580 3124 illius,
1599 3057 1652 3111 sed

317 3143 554 3215 resormudmcm
576 3160 688 3216 quoque
709 3145 828 3217 ploriosi
840 3143 987 3216 facinoris
1003 3143 1225 3214 predicatione.-
1247 3144 1324 3213 quod
1339 3143 1455 3199 Gallicus
1471 3144 1564 3215 pentis
1578 3157 1649 3213 qua-

357 3233 423 3282 tuor
451 3226 581 3296 Vilerbii,
601 3247 657 3301 quo
677 3228 755 3299 sorte
778 3236 845 3284 terrie
865 3228 957 3284 Roma
977 3230 1023 3283 ille
1043 3229 1237 3292 cucurrisset,
1261 3243 1325 3281 cunt
1340 3228 1436 3284 eodem
1457 3227 1649 3281 ditrerlissela

356 3326 424 3382 repe
447 3311 593 3368 Gallorum
615 3317 726 3385 lepatas
747 3315 862 3384 quidum
889 3314 928 3367 ud
947 3313 1111 3382 pontificem
1133 3311 1252 3365 Leonem
1279 3312 1465 3375 contendens,
1495 3315 1560 3363 orta
1581 3310 1650 3363 risco

357 3413 392 3450 ac
415 3399 571 3452 certamine
588 3400 773 3470 proflipasset
795 3398 970 3462 dimicando,
999 3397 1166 3452 muneratus
1193 3396 1305 3464 quidem
1332 3400 1360 3449 cl
1382 3395 1443 3465 ipse
1464 3395 1650 3463 desertusque

357 3497 376 3534 a
404 3480 480 3535 socio
506 3483 618 3537 itineris
648 3485 739 3547 illius,
770 3482 1005 3554 quemadmodum
1030 3496 1093 3535 eum
1123 3480 1221 3533 audiri
1246 3480 1348 3534 Fuldce
1376 3482 1544 3534 narrantem
1574 3493 1650 3531 anno

321 3564 466 3620 ³⁰Cnristi
489 3569 670 3633 Munxlx,
695 3573 811 3622 secutus
838 3565 1033 3636 conferentem
1059 3579 1090 3619 se
1112 3563 1279 3634 Erplrordia
1310 3564 1340 3618 in
1363 3564 1489 3634 patriam
1510 3562 1650 3618 Adamum

359 3648 509 3705 Crotonem
527 3664 667 3704 summum
690 3657 829 3707 nostrum.
875 3650 927 3706 Ubi
947 3651 1049 3706 iterum
1070 3655 1138 3704 tunc
1161 3648 1318 3704 Hutlenum
1338 3649 1394 3703 uidi
1412 3654 1439 3702 et
1461 3664 1525 3703 cum
1544 3663 1577 3702 eo
1599 3646 1650 3700 ali-

286 3802 287 3805 *
358 3829 539 3883 CCCXXXX.
576 3833 618 3881 De
636 3831 758 3897 Philippi
776 3832 999 3882 Melanchthouis
1017 3839 1091 3894 ortu,
1116 3832 1203 3881 totius
1226 3831 1292 3880 vitae
1312 3829 1449 3879 curriculo
1473 3834 1500 3879 et
1524 3833 1650 3877 morte...

357 3914 526 3964 Naucratim...
541 3915 676 3965 lonchimi
690 3915 842 3966 Camersrii
856 3917 1010 3983 Papeberg.
1024 3917 1101 3982 Lips.
1115 3916 1190 3979 (Ern.
1202 3915 1337 3980 Voegelin.
1355 3912 1442 3980 leot.)
1454 3913 1491 3963 8⁰.
1506 3931 1531 3979 p.
1544 3911 1650 3962 undu.

357 4014 380 4047 s.
400 4013 432 4047 ox
456 3998 522 4049 edit.
541 4000 614 4063 ling.
639 4000 738 4049 Comit.
760 3998 832 4050 1055.
860 4001 909 4050 12⁰.
934 4018 960 4066 p.
979 4000 1085 4054 89...u2.
1106 4016 1127 4050 s.
1152 4016 1185 4050 ex
1209 4000 1251 4050 etl.
1271 3999 1411 4049 Strobelii.
1430 3999 1495 4049 Hel.
1517 3998 1590 4048 1777.
1614 3996 1651 4051 8⁰.

931 4084 1077 4150 p.88...ul.

425 4284 436 4316 ⁸
454 4286 589 4352 venimus]
609 4287 785 4336 Camerarius
804 4303 864 4337 cum
878 4287 1093 4357 Melanohthous
1107 4288 1220 4352 eiusque
1234 4286 1340 4335 duobus
1353 4287 1500 4337 comitibus
1512 4287 1653 4337 Buresrdo

357 4370 525 4420 Vimarieusi
549 4377 578 4421 et
595 4373 635 4420 10.
660 4372 868 4422 Silberbomero
890 4371 1141 4436 Borbetomugensi
1164 4372 1193 4420 in
1215 4370 1405 4420 Palatinarum
1429 4370 1483 4420 iter
1504 4372 1652 4422 incientes.

357 4454 457 4503 Petrus
470 4455 578 4505 Schude
597 4457 659 4505 vico
672 4458 784 4521 Bruttig
802 4455 837 4504 ud
850 4455 992 4504 Mosellam
1011 4457 1066 4505 sito
1079 4455 1210 4503 oriundus
1224 4454 1425 4518 (Protegensis)
1438 4455 1457 4514 †
1470 4454 1496 4503 d.
1512 4453 1551 4503 18.
1565 4455 1652 4520 April.

358 4553 384 4586 a.
402 4537 473 4587 1524.
538 4538 700 4605 'Nesseuo]
720 4541 765 4591 ltu
783 4541 857 4588 ctiam
875 4540 1056 4589 Melancnlloa
1076 4540 1199 4588 Guiliclmi
1216 4539 1313 4587 Neseni
1329 4554 1416 4586 nomen
1434 4538 1548 4587 scribere
1565 4542 1654 4588 solitus

356 4628 404 4670 est.
453 4619 475 4653 ¹⁰
491 4623 771 4674 Buchononiemedd.
823 4621 984 4688 ¹³iupm]
999 4623 1171 4686 Bambergoe.
1223 4619 1276 4652 ²⁵³⁰
1289 4619 1415 4686 quatuor]
1430 4622 1511 4671 immo
1525 4625 1653 4687 quinque.

357 4703 376 4736 ³¹
398 4705 485 4770 Sapra
502 4708 534 4756 de
553 4709 667 4757 Hutteno
685 4710 749 4757 idem
770 4693 930 4757 carcerarius
948 4709 985 4771 (p.
1001 4710 1043 4756 17.
1057 4709 1098 4757 cd.
1114 4710 1207 4767 15⁶6„
1226 4724 1253 4771 p.
1270 4710 1311 4755 17.
1325 4708 1366 4754 cd.
1379 4707 1449 4769 Hap.
1466 4709 1548 4767 Cam„
1565 4726 1593 4772 p.
1609 4711 1652 4756 18.

357 4791 398 4839 ed.
413 4788 554 4852 Strobcl.):
573 4792 625 4841 His
643 4790 831 4858 [Donrinicauis
851 4789 1055 4856 Coloniensilnu]
1079 4793 1165 4856 igitur
1187 4792 1284 4841 infesti
1311 4790 1351 4839 illi
1375 4789 1492 4841 studiosi
1516 4793 1654 4856 politioris

357 4874 491 4923 doctrinm
511 4890 624 4924 causam
644 4875 795 4941 Oapniouis
814 4891 890 4924 suam
910 4875 1011 4925 (lucere
1032 4883 1060 4925 et
1077 4876 1153 4942 illius
1171 4875 1348 4925 selversarios
1368 4874 1440 4924 omui
1460 4891 1561 4941 genere
1585 4880 1653 4927 scri-

357 4962 464 5022 ptorum
487 4958 623 5008 infamare
647 4965 704 5009 tam
727 4959 886 5009 deridentes
911 4967 939 5009 et
964 4960 1107 5010 eludentes
1132 4961 1308 5022 fucultatem,
1335 4974 1415 5024 quum
1435 4963 1607 5011 insectantes
1627 4968 1655 5013 et

357 5042 536 5107 increpantes
556 5044 773 5108 improbitatem.
810 5045 885 5094 luter
904 5060 971 5109 quos
991 5045 1121 5110 princeps
1139 5044 1269 5105 Ultichus
1288 5050 1371 5111 gente
1390 5046 1543 5103 Huttenus‚
1562 5048 1655 5113 putria
