4367 6084
476 779 477 782 ,
528 708 602 779 286
703 722 901 773 cccxxxttt.
922 739 1042 775 sponsus
1055 740 1159 775 suasus
1172 740 1316 778 nuvsnsvs
1329 739 1503 777 ssuuuasnss
1518 739 1650 775 assuunt.

526 896 623 952 neseio
641 894 714 966 quid
727 894 821 952 libelli
835 896 989 967 scripsisse
1004 896 1036 961 in
1056 912 1111 954 me.
1156 896 1197 954 ld
1215 897 1360 956 Huttenus
1376 914 1435 954 non
1450 906 1568 956 veretur
1587 897 1725 955 deierare
1740 912 1759 953 a
1778 911 1825 954 me

527 998 696 1066 confictum,
724 1010 780 1067 quo
801 995 986 1054 Lutheranos
1005 1013 1166 1069 prunarum
1190 999 1314 1056 inuidia.
1361 999 1466 1069 Queeso
1488 998 1562 1070 quid
1588 1007 1632 1055 cst
1659 1004 1719 1054 tam
1746 1013 1822 1070 per-

459 1113 526 1163 sus.
538 1098 610 1155 diue
630 1098 770 1166 leuitatis,
788 1097 868 1167 quod
887 1098 940 1154 iste
962 1114 1020 1155 non
1043 1101 1140 1156 statim
1161 1101 1306 1173 impinqat
1326 1096 1443 1158 amico?
1464 1101 1550 1171 atqui
1571 1115 1660 1170 quum
1678 1098 1728 1156 liic
1747 1101 1820 1172 pla-

526 1215 575 1257 res
595 1200 655 1255 siut
675 1199 733 1254 uiri
750 1197 819 1255 loni
837 1200 890 1269 qui
908 1201 1005 1257 sciunt
1022 1216 1170 1258 rumorem
1194 1217 1261 1259 uere
1283 1217 1421 1275 sparsum
1442 1201 1553 1272 fuisse,
1580 1215 1670 1272 quum
1696 1200 1819 1257 habeam

526 1315 546 1357 a
564 1300 656 1357 doctis
677 1300 781 1357 amicis
801 1302 939 1373 epistolas
959 1316 1000 1357 ex
1015 1301 1148 1373 Auqiista
1166 1310 1196 1359 et
1210 1302 1395 1372 Constantio,
1418 1301 1592 1374 quibustuae
1610 1307 1644 1359 ut
1660 1295 1727 1358 reni
1738 1317 1839 1358 cam-s

523 1408 641 1475 perium
656 1396 802 1471 scribunt,
820 1400 900 1458 liuuc
912 1403 1078 1474 pontificem
1091 1402 1195 1461 Romu
1212 1406 1318 1476 palam
1333 1404 1492 1460 damnasse
1505 1403 1595 1460 tiores
1609 1418 1695 1473 areos,
1712 1419 1819 1474 quum-

455 1533 467 1547 ›
528 1517 584 1574 que
606 1504 651 1559 illi
670 1500 799 1560 habeant
820 1505 960 1576 epistolas
981 1519 1062 1560 meas
1081 1510 1220 1562 testantes
1240 1520 1286 1562 me
1310 1504 1343 1560 id
1369 1518 1556 1576 nequaquam
1582 1504 1723 1569 credere,
1751 1503 1821 1575 quid

459 1623 526 1672 stu.
537 1610 684 1678 superest,
712 1604 771 1661 uisi
792 1610 825 1661 ut
845 1619 943 1661 omnes
964 1606 1143 1676 intelliqaut.
1156 1605 1284 1664 Hutteno
1305 1623 1367 1663 esse
1384 1621 1497 1679 panim
1516 1600 1652 1676 frontis?
1682 1604 1745 1661 Sed
1763 1622 1819 1662 au-

526 1723 576 1764 sus
596 1721 660 1763 sum
682 1705 761 1763 lianc
782 1706 910 1763 laudare
929 1701 1097 1779 'prontipieem
1119 1709 1171 1779 qui
1190 1709 1268 1765 male
1288 1707 1363 1765 milii
1382 1706 1531 1779 quondam
1554 1707 1691 1776 statuerit,
1716 1708 1820 1778 quique

527 1808 602 1866 nillil
622 1806 722 1864 aditae
740 1809 836 1878 eperit
850 1806 929 1864 unde
945 1807 1070 1865 laudari
1082 1815 1243 1867 merentur.
1289 1810 1335 1866 An
1358 1810 1515 1880 tterumsit
1533 1807 1612 1879 qaod
1624 1807 1729 1864 scribit
1741 1806 1819 1864 Hut-
1830 1822 1850 1859 u

527 1919 611 1967 tenus
632 1910 746 1967 neseio:
769 1917 848 1966 certe
870 1908 946 1966 niltil
966 1925 1097 1981 uuquam
1123 1912 1183 1968 tale
1198 1913 1348 1982 perlatum
1368 1917 1413 1967 est
1430 1910 1473 1966 ad
1493 1925 1554 1977 me,
1584 1924 1639 1966 nee
1658 1924 1713 1979 eqo
1736 1910 1819 1978 quic-

529 2027 617 2083 quam
641 2013 700 2068 tale
723 2011 761 2067 de
781 2011 831 2067 illo
852 2012 1019 2082 suspicatus
1040 2026 1114 2068 sum.
1156 2006 1219 2082 sitit
1240 2014 1309 2069 otim
1332 2012 1405 2069 milti
1425 2026 1491 2068 curn
1512 2012 1562 2067 illo
1582 2009 1710 2067 Louami
1729 2010 1821 2065 ciuilis
1879 1991 1887 1996 ’

528 2115 658 2170 amicitia
676 2120 719 2184 et,
737 2117 770 2170 at
789 2113 853 2184 ipse
872 2111 987 2184 scribit,
1012 2115 1137 2171 societas
1158 2113 1321 2171 studiorum
1329 2135 1340 2180 ,·
1367 2128 1421 2170 nee
1441 2127 1570 2183 uuquam
1589 2112 1671 2167 sensi
1691 2111 1819 2166 animum

460 2232 525 2281 §.nu
537 2216 617 2273 illius
630 2216 660 2271 in
680 2228 725 2270 me
736 2229 849 2287 parum
869 2215 1007 2270 amicum.
1054 2212 1133 2283 Quid
1144 2220 1242 2273 autem
1260 2214 1298 2272 de
1314 2216 1364 2271 illo
1381 2213 1520 2286 predica
1535 2213 1594 2269 nisi
1609 2211 1716 2268 bonam
1732 2226 1819 2283 spem,

527 2332 616 2388 quarn
639 2317 718 2373 illius
736 2321 883 2385 senectus,
902 2322 1049 2388 perpetua
1067 2317 1223 2388 iuteqritos
1243 2319 1273 2372 et
1290 2315 1418 2373 eruditio
1436 2314 1518 2372 nobis
1538 2307 1723 2385 porriquut?
1743 2310 1821 2368 istud
1831 2328 1912 2365 ιτ-

527 2417 645 2474 ltartari
661 2417 756 2488 moqis
769 2425 813 2473 est
829 2431 920 2487 quam
936 2416 1080 2476 laudare:
1099 2419 1255 2490 preterita
1275 2417 1379 2486 lauda,
1398 2417 1435 2473 de
1456 2414 1559 2487 quilius
1581 2416 1608 2471 si
1623 2415 1752 2470 mentiar
1769 2429 1819 2469 re-

459 2517 605 2589 §.usselli
618 2520 743 2591 possim·
765 2516 934 2587 defuturis
955 2518 1027 2575 liene
1042 2520 1167 2577 omiuor.
1212 2516 1343 2575 Proinde
1364 2519 1430 2589 quis
1454 2532 1510 2574 non
1532 2515 1630 2572 uideat
1651 2529 1741 2586 quam
1762 2529 1818 2569 uari

525 2621 659 2693 apposite
679 2607 828 2675 adtribitus
849 2621 887 2676 sit
907 2610 987 2677 iocus
1006 2600 1141 2677 ⁸insulsus
1160 2619 1289 2677 Ilutteuo
1311 2620 1377 2675 ‘ista
1391 2617 1503 2689 socies,
1525 2632 1542 2674 o
1563 2613 1691 2683 Timou',·
1719 2620 1749 2671 et
1770 2621 1819 2670 ta-

526 2736 592 2776 men
619 2720 694 2775 uitril
719 2718 876 2788 caderaita,
901 2722 971 2791 quin
995 2719 1142 2778 Hutteuus
1163 2721 1212 2778 liic
1237 2720 1295 2778 siti
1322 2719 1459 2777 uideatur
1477 2719 1552 2775 mire
1570 2715 1707 2787 festinus.
1752 2715 1821 2772 ‘Sed

526 2824 605 2878 ‘onte
621 2821 893 2893 pronunciauerom
915 2821 1034 2879 minime
1055 2821 1158 2879 bouum
1176 2820 1333 2892 suturum'.
1381 2819 1474 2889 Quem
1494 2833 1646 2889 nunquam
1670 2819 1726 2874 sim
1739 2815 1913 2874 Hui-effi

527 2928 592 2978 lena
613 2921 650 2979 de
667 2921 722 2978 ltoe
739 2921 879 2993 pontifice
900 2923 1050 2993 loquutus,
1073 2924 1261 2996 impudenter
1279 2908 1359 2993 fucit
1377 2924 1430 2995 qui
1448 2922 1503 2979 lioc
1523 2938 1563 2978 esc
1582 2921 1682 2990 aliquo
1698 2935 1820 2993 eampo-

526 3030 588 3080 tore
606 3022 747 3080 auditum
761 3022 833 3079 milti
852 3023 937 3095 apud
956 3023 1036 3081 orbis
1053 3024 1186 3081 tribuual
1205 3026 1325 3082 crimini
1343 3023 1469 3081 obiiciat.
1513 3021 1581 3079 dixi
1599 3036 1646 3079 me
1669 3023 1770 3078 cereri
1785 3037 1821 3077 rte

524 3140 635 3199 parum
658 3141 761 3196 aquus
781 3134 857 3182 esset
873 3124 1017 3195 Littliero,
1047 3126 1085 3183 de
1104 3128 1222 3184 ceteris
1240 3140 1392 3196 rsursquom
1410 3124 1624 3197 pronunciavi,
1647 3137 1819 3195 quostquam

526 3227 692 3285 ostenderet
712 3233 889 3298 arqumeuta
909 3227 1004 3284 animi
1013 3228 1165 3311 'cupientis
1186 3229 1273 3284 etiam
1295 3225 1460 3284 Romanum
1478 3227 1593 3283 curiam
1609 3225 1652 3281 ad
1671 3227 1819 3281 meliorem

458 3343 525 3393 §.ssu
534 3328 656 3400 [rupem
676 3344 826 3386 reuocare.
870 3328 966 3386 Porro
987 3329 1067 3401 quod
1087 3331 1132 3385 ait
1148 3331 1294 3401 aqitrttum
1318 3328 1355 3385 de
1372 3343 1418 3385 me
1439 3334 1472 3384 ut
1492 3342 1551 3400 pro
1571 3325 1714 3383 liceretieo
1736 3326 1912 3381 arri-ira

521 3448 627 3505 perer,
656 3430 746 3488 meda
773 3434 914 3488 iactatum
942 3439 972 3488 et
995 3435 1127 3504 optatum
1156 3446 1175 3486 a
1202 3430 1377 3501 quibusdam
1400 3427 1526 3499 furiosis
1547 3427 1719 3492 monacltis:
1745 3429 1821 3483 inter

522 3534 676 3607 principes
697 3547 848 3602 nunquam
870 3531 925 3589 liae
951 3541 994 3590 est
1019 3538 1135 3617 actim,-
1164 3532 1305 3589 tuteloni
1333 3538 1362 3588 et
1387 3533 1418 3588 in
1440 3530 1589 3603 Hispania
1619 3531 1731 3585 amicos
1751 3528 1820 3585 leuia

524 3638 577 3708 qui
589 3650 668 3693 itane
684 3642 727 3691 est
736 3631 886 3706 pontifex,
901 3635 1073 3707 prosimos·
1088 3633 1232 3691 habebam
1247 3642 1277 3690 et
1291 3632 1394 3691 Romae
1412 3634 1475 3691 uiuo
1491 3631 1597 3700 leone,
1616 3632 1741 3688 maltum
1756 3628 1817 3685 dis-

522 3738 631 3794 similes
646 3734 790 3801 Hutteno,·
807 3734 949 3792 habebam
965 3737 995 3792 in
1012 3737 1083 3794 aula
1101 3735 1229 3794 Censoris
1245 3751 1382 3807 maenas,
1398 3735 1435 3792 de
1454 3734 1557 3806 quibus
1575 3748 1629 3790 nee
1641 3730 1820 3804 suspicabar

524 3853 612 3909 quam
628 3844 723 3894 essent
737 3836 842 3892 amici:
856 3852 895 3892 eu
911 3836 1015 3894 luorum
1033 3839 1127 3894 literis
1141 3838 1245 3895 melius
1258 3837 1381 3908 coqrtoui
1393 3816 1465 3908 quid
1478 3840 1619 3907 operetur
1634 3848 1724 3904 quam
1739 3832 1819 3889 Hut-
1828 3852 1869 3889 ur·
1899 3879 1903 3886 .

526 3938 631 4008 tenus,.
646 3938 698 4007 qui
709 3937 831 3993 latitans
847 3941 959 3993 tatttum
981 3937 1036 3994 liae
1058 3937 1168 3995 sciebat
1189 3938 1269 4012 quod
1282 3940 1390 4009 aliquis
1404 3937 1609 4016 clancularius
1621 3950 1749 3992 susurro
1763 3934 1817 3990 de-

457 4037 662 4109 §.assuerat
707 4036 799 4094 labeo
821 4038 905 4109 apud
920 4052 965 4094 rue
985 4041 1127 4098 articulos
1147 4041 1191 4097 od
1209 4042 1356 4099 Casuram
1379 4041 1505 4109 delatas,
1528 4052 1599 4109 quos
1618 4035 1749 4109 Glapion
1764 4051 1819 4092 suo

522 4155 614 4196 mauu
630 4139 755 4196 uiolauit:
776 4139 860 4196 attila
876 4139 937 4197 illie
958 4140 1082 4199 lucrosis
1101 4147 1219 4213 tuentio,
1243 4160 1336 4215 tueque
1355 4144 1512 4213 quicquam
1527 4138 1607 4210 quod
1620 4137 1664 4194 ad
1680 4137 1817 4195 ltoeresim

516 4244 677 4315 pertineat.
722 4240 814 4298 liabeo
830 4242 932 4298 literas
950 4246 1129 4302 cancellarii
1143 4245 1305 4302 Gallinarii
1318 4261 1385 4317 qua
1403 4246 1546 4300 testantur
1559 4239 1657 4311 fuisse
1671 4241 1818 4312 suspicia-

524 4360 589 4402 nem
605 4344 641 4402 de
655 4342 828 4416 quibusdam
842 4343 947 4403 libellis
960 4347 1012 4417 qui
1027 4347 1062 4404 ab
1080 4349 1141 4404 stili
1156 4351 1333 4404 venustatem
1353 4346 1523 4402 uiderentur
1541 4359 1604 4400 esse
1617 4342 1683 4411 mei,
1702 4343 1734 4398 in
1751 4342 1817 4413 qui-
1827 4355 1851 4393 :u

384 4495 395 4514 ,
455 4460 521 4510 §.nu
531 4447 584 4505 ltus
597 4456 693 4504 tamen
708 4447 783 4503 rrilsil
795 4451 870 4505 esset
881 4447 1053 4506 lueretteun
1066 4455 1120 4505 aut
1130 4451 1190 4506 tale
1204 4451 1307 4524 qualia
1321 4448 1464 4505 seriberet
1472 4445 1627 4504 triticeus.
1651 4442 1714 4502 Sed
1723 4445 1818 4503 Iaarr-

523 4538 589 4608 uem
602 4549 774 4624 Gliqriouem
787 4565 923 4608 recenseo
935 4554 964 4607 in
980 4550 1084 4608 eadem
1100 4553 1224 4624 epistola
1237 4554 1315 4608 citra
1330 4552 1535 4609 coutumeliam
1543 4570 1553 4607 .·
1567 4547 1642 4612 nillil
1654 4548 1733 4606 euim
1750 4550 1817 4606 leru-

571 4785 582 4815 θ
596 4786 666 4835 hune
678 4785 763 4853 pont]
771 4787 920 4836 Adsiduum
928 4787 983 4848 VI.‚
998 4786 1081 4853 punto
1091 4795 1161 4852 post,
1169 4789 1194 4837 d.
1202 4788 1243 4836 ut.
1251 4787 1327 4852 Sept.
1342 4805 1367 4837 a.
1379 4786 1450 4837 1523.
1459 4784 1606 4836 ruortuum:
1617 4785 1668 4835 sub
1675 4784 1815 4836 Clemente

522 4869 582 4918 VII.
591 4871 647 4919 ulia
657 4872 917 4920 ‹tixissoturasmus
955 4870 976 4904 ¹⁵³
985 4870 1050 4936 ista]
1058 4888 1147 4937 neque
1155 4874 1271 4922 Hutteui
1281 4874 1494 4937 uequeaniuui
1505 4872 1565 4920 haee
1577 4873 1638 4935 ipsa
1647 4872 1736 4921 verbu
1745 4879 1814 4921 suut.

521 4952 544 4984 ³⁶
562 4956 596 5003 ob
615 4962 649 5004 st.
662 4955 781 5020 venusi]
794 4955 904 5004 Nullam
917 4972 947 5004 ue
961 4957 1048 5020 ipsum
1062 4957 1194 5007 laudandi
1208 4959 1442 5022 opportunitatem
1455 4956 1620 5019 neglexerit.
1658 4963 1688 5005 at
1707 4958 1813 5006 Erususi

521 5037 601 5088 stilus
614 5044 675 5087 utut
687 5047 831 5090 venustum
844 5039 984 5102 dixerunt,
1005 5041 1123 5091 Latinus
1136 5048 1228 5093 tamen
1241 5059 1294 5093 uon
1309 5046 1371 5093 init.
1424 5040 1446 5072 ³⁰
1463 5043 1576 5107 Expost.
1591 5043 1630 5101 ἕξ.
1648 5040 1704 5090 128.
1719 5058 1776 5107 sqq.
